2719 4895
522 368 545 467 ὲ
1422 384 1797 505 (722

651 589 722 661 in
789 583 1056 660 Horrea
1122 601 1314 668 meo,
1374 579 1680 653 lacerasse
1699 629 1727 667 ,
1784 583 2133 672 patientiae
2165 602 2339 656 *tuae
2385 582 2564 659 insul·

656 706 926 791 tavisse,
991 702 1261 774 dicteria
1328 704 1395 772 in
1463 721 1530 773 te
1596 704 1998 791 evomuisse,
2054 705 2375 800 ingratam
2423 726 2565 799 erga

578 882 592 898 ,
657 846 723 896 te
779 822 1297 896 malevolentiam
1342 821 1744 897 exercuisse.·
1833 823 2263 916 Reprehendi
2314 848 2420 912 te,
2485 824 2567 896 fa-

660 964 840 1019 teorr
893 964 960 1016 et
1009 942 1479 1036 reprehendere
1528 955 1837 1036 pergam,
1886 945 1930 1014 fi
1978 967 2148 1036 quae
2196 946 2351 1018 falsa
2398 947 2567 1029 sunt,
2683 944 2686 960 ⁴

660 1087 830 1159 quae
884 1064 1146 1150 odiosa,
1217 1084 1384 1153 quae
1433 1064 1930 1156 reprehenfione
1980 1065 2221 1161 digna,
2290 1072 2356 1138 in
2399 1068 2571 1138 char·

659 1206 755 1260 tas
802 1186 1129 1280 conjicere
1166 1205 1438 1280 pergas,

664 1425 726 1495 e'l
755 1426 812 1494 κ’
859 1419 960 1494 ἔτι
998 1430 1057 1494 e‘
1103 1423 1512 1515 αἴφςοίινοντω
1555 1417 1924 1510 naxio-oum
1951 1469 1974 1505 ,
2022 1422 2105 1492 ὥς
2153 1427 2224 1489 vu'
2265 1447 2390 1512 περ
2425 1414 2574 1488 εἶδος
2684 1453 2685 1456 “

661 1660 774 1733 sed
824 1682 1037 1733 tamen
1106 1662 1195 1730 ita
1259 1677 1326 1730 te
1387 1658 1815 1752 reprehendi,
1886 1644 1959 1730 nt
2005 1680 2112 1729 me
2161 1657 2349 1729 fimul
2396 1676 2575 1749 mag·

661 1804 823 1854 num
911 1787 979 1854 in
1062 1780 1179 1851 suo
1261 1799 1502 1873 genere
1572 1777 1801 1851 Virum
1830 1827 1855 1863 ,
1921 1779 2217 1867 variaque
2280 1774 2576 1845 doctrina

662 1883 1208 1992 praecellentem,
1258 1901 1546 1969 venerari
1597 1894 2032 1981 ostenderem,
2085 1912 2358 1980 meaque
2403 1892 2576 1963 adeo

661 2023 1077 2112 reprehensio
1141 2023 1485 2091 maximam
1512 2068 1536 2102 ,
1603 2019 1766 2111 quin
1822 2036 1890 2085 et
1937 2009 2354 2104 quorumdam
2398 2008 2565 2104 judi-

662 2143 777 2213 cio
858 2142 1186 2227 nimiam,
1267 2138 1706 2210 laudationem
1788 2135 2009 2207 secum
2091 2133 2355 2205 haberet
2412 2149 2572 2202 con.-

654 2253 982 2349 junctam:
1051 2281 1247 2352 atque
1312 2262 1506 2330 etiam
1572 2262 1638 2329 in
1707 2277 2083 2351 posterum,
2134 2256 2181 2326 fi
2230 2271 2401 2343 opus
2446 2245 2583 2317 esse

661 2380 1027 2468 videbitur,
1103 2388 1167 2453 te
1233 2378 1746 2474 reprehendam,
1819 2398 1897 2452 ut
1939 2393 2097 2451 tuae
2143 2372 2402 2451 tandem
2449 2368 2584 2465 ipse

664 2518 897 2590 parere
946 2499 1080 2593 legi
1130 2500 1379 2582 discas,
1442 2519 1658 2589 neque
1706 2495 1788 2567 ab
1841 2497 2043 2568 officii
2086 2493 2409 2590 ,religione
2458 2511 2605 2565 tam-
2704 2562 2705 2565 ,

664 2616 872 2713 longe<
917 2617 1243 2689 declinare
1292 2639 1563 2713 pergas:
1612 2617 1720 2702 id,
1770 2616 1952 2707 quod
1998 2619 2386 2690 in'homine
2443 2635 2592 2686 cen·
2704 2602 2706 2609 ’

665 2736 858 2820 sore,
926 2740 1042 2828 qui
1110 2736 1194 2806 de
1241 2736 1424 2809 libris
1472 2733 1554 2809 ad
1598 2737 1911 2809 eruditam
1963 2739 2299 2808 civitatem
2354 2732 2584 2818 refert,

668 2860 939 2929 minime
988 2854 1328 2929 ferendum
1374 2857 1549 2943 esse,
1599 2856 1904 2953 equidem
1955 2876 2176 2932 tecum
2231 2856 2535 2930 arbitror.
2588 2934 2599 2943 ,

766 3093 1096 3169 Fallaciae
1142 3100 1383 3191 igitur,
1433 3117 1500 3169 et
1546 3096 1835 3192 duplicis
1885 3096 2153 3191 quidem
2176 3151 2197 3183 ‚
2258 3122 2334 3176 ut
2379 3096 2595 3179 videa,

667 3236 800 3313 ego
871 3236 934 3286 te
978 3218 1087 3290 hic
1131 3219 1342 3309 palam
1398 3241 1580 3291 reum
1650 3240 1816 3314 ago:
1879 3242 2045 3294 cum
2119 3223 2312 3311 quod
2370 3222 2456 3290 de
2503 3234 2597 3287 me

667 3338 945 3430 meaque
1007 3340 1358 3432 scriptione
1394 3340 1708 3425 narrasti,
1756 3361 1920 3429 quae
1969 3339 2161 3431 plane
2208 3341 2376 3412 falsa
2425 3340 2605 3419 sunt-3
2704 3409 2705 3413 ,

669 3476 806 3528 tum
855 3480 1126 3553 quoque
1151 3509 1169 3544 ‚
1236 3457 1420 3552 quod
1469 3437 1662 3531 fi'dem
1713 3460 2007 3551 expresse
2059 3458 2281 3535 datam
2329 3459 2609 3533 violasti·
2704 3472 2705 3476 ’

625 3573 915 3668 'Neque
940 3583 1113 3651 enim
1156 3596 1390 3648 tantam
1425 3582 1626 3649 menti
1666 3597 1813 3651 tuae
1862 3577 2130 3650 offusam
2185 3580 2336 3652 esse
2389 3581 2607 3674 caligi-

666 3715 815 3767 nem
846 3746 867 3782 ,
939 3715 1258 3768 tantamve
1324 3699 1544 3768 animo
1602 3698 1806 3768 inesse
1869 3692 2319 3791 pervicaciam
2391 3704 2606 3775 existi·
2712 3782 2713 3790 χ

661 3836 852 3906 m0,.
888 3836 962 3888 ut
1024 3816 1093 3889 in
1153 3819 1286 3888 mei
1351 3817 1615 3893 censura
1662 3815 1871 3895 libelli
1918 3834 2084 3894 tuae
2133 3838 2202 3895 te
2257 3822 2405 3923 legi
2456 3822 2612 3896 obe·
2711 3802 2713 3887 4

2469 3944 2612 4014 diis·
