2719 4895
803 275 1332 400 ¹(79)

175 499 352 580 inter
413 495 684 572 Veteres
743 515 782 566 a
849 491 1242 585 quibusdam
1287 495 1700 590 perspectum
1748 497 2113 576 monitum·

188 645 322 718 que
401 619 533 694 fuit
569 669 593 704 ‚
681 612 1143 709 Philosophiae
1233 613 1735 710 Lite-rarumque
1800 621 1947 694 finis
2010 643 2121 696 est·

179 746 612 846 praecipuus.
705 735 818 808 Ad
863 738 1172 808 virtutem
1239 737 1547 810 nimirum
1616 739 1815 810 solam
1882 741 2112 843 huma-

176 869 644 954 nitatemque,
689 877 759 929 et
804 855 886 926 ad
935 875 1044 926 eas
1089 857 1385 930 actiones
1415 907 1440 942 ‚
1487 879 1655 951 quae
1706 863 1927 932 virtuti
1972 860 2119 935 sunt

179 985 708 1062 consentaneae,
775 976 1032 1058 omnis,
1091 975 1315 1069 judice
1357 978 1575 1080 ⁸Tullio
1596 1029 1623 1064 ‚
1671 981 1927 1070 honos,
1976 1000 2129 1054 om·
2259 1053 2267 1062 ,

179 1127 284 1182 ne
332 1100 656 1186 studium,
705 1100 919 1170 omnis
965 1094 1304 1170 admiratio·
1332 1097 1529 1170 debet
1563 1100 1830 1172 referri:
1866 1123 1937 1177 ut
1968 1107 2129 1196 qui,

189 1242 483 1322 propter
545 1221 746 1292 animi
810 1219 1260 1314 voluptatem,
1332 1219 1613 1291 colenda
1660 1225 1947 1293 maxime
1990 1225 2131 1298 esse

191 1344 408 1420 studia
490 1341 750 1430 dicant,
833 1343 903 1413 bi
965 1339 1276 1435 profecto
1341 1341 1453 1434 ipsi
1516 1349 1651 1414 non
1716 1343 2083 1440 intelligant
2108 1399 2137 1435 ‚

193 1465 368 1563 quid
429 1467 555 1538 hac
617 1466 688 1536 in
737 1483 812 1536 re
857 1464 1218 1535 maximum
1270 1459 1727 1553 summumque
1778 1461 1872 1536 fir.
1970 1463 2137 1540 Non

205 1587 402 1691 adeo·
439 1589 638 1685 igitur
702 1584 862 1692 quid
929 1585 1250 1679 expedias
1267 1631 1291 1669 ,
1341 1580 1449 1653 sed
1498 1583 1657 1673 quid
1705 1599 1963 1657 rectum
2008 1583 2139 1678 sit,

207 1707 528 1779 delibera.
655 1703 829 1778 Illud
910 1707 1088 1774 enim
1126 1753 1148 1788 ,
1249 1721 1325 1772 ut
1418 1699 1597 1774 idem
1682 1701 1796 1773 ille
1878 1697 2143 1780 Tullius

165 1899 170 1902 ,
209 1829 382 1900 dixit
427 1825 552 1924 (⁴²)
579 1875 602 1910 ‚
651 1825 837 1919 saepe
889 1804 1210 1897 incertum
1258 1841 1404 1904 est3
1458 1822 1591 1893 hoc
1639 1822 1898 1916 semper
1944 1847 2147 1918 appa-

223 1967 369 2018 τευ
413 1951 506 2017 ita
555 1963 817 2030 namen,
860 1963 970 2025 ut,
1021 1943 1070 2012 fi
1117 1965 1240 2012 nos
1283 1944 1330 2010 ii
1380 1941 1633 2022 sumus,
1684 1948 1809 2034 qui·
1848 1943 1985 2015 esse
2036 1945 2155 2019 de-

229 2066 476 2135 bemus
509 2117 530 2152 ,
595 2069 667 2138 id
731 2087 833 2138 est
865 2119 888 2150 ,
949 2063 1162 2134 studio
1223 2065 1407 2164 digni
1472 2085 1540 2134 et
1606 2067 1810 2135 literis
1868 2072 2157 2153 nostris,

233 2181 540 2259 dubitare
607 2208 738 2257 non
797 2185 1119 2278 possimus
1137 2231 1160 2266 ‚
1221 2184 1380 2272 quin
1436 2201 1515 2252 ea
1578 2186 1865 2253 maxime
1914 2183 2165 2258 condu-

225 2325 434 2395 cant,
485 2325 658 2400 quae
701 2306 848 2380 sunt
891 2303 1265 2378 rectisfima.

301 2544 407 2619 At
464 2566 625 2618 vero
670 2562 942 2619 manum
993 2542 1076 2616 de
1127 2544 1342 2619 tabule
1393 2545 1670 2623 tollendi
1719 2566 1981 2643 tempus
2029 2551 2165 2625 esse

129 2682 142 2695 ·
213 2654 516 2744 videtur.
613 2663 882 2739 Paratus
954 2665 1090 2737 hoc
1156 2663 1414 2753 facere,
1465 2670 1667 2761 inque
1717 2688 1893 2741 tuam
1948 2670 2171 2743 denuo

217 2764 592 2883 'ep'istol'am
641 2785 1002 2879 conjiciens
1049 2786 1282 2861 oculos
1303 2838 1326 2871 ‚
1377 2786 1615 2877 video,
1663 2790 2049 2883 persuadere
2102 2810 2168 2861 te

221 2907 640 2982 Lectoribus
684 2906 856 2979 velle
875 2902 1049 2997 (†·),
1097 2904 1182 2976 de
1205 2904 1563 2982 Horreario
1602 2890 1968 2982 refellendo
2004 2932 2171 2983 nun-

225 3040 454 3120 quam
523 3043 584 3091 te
633 3025 944 3119 cogitasse
966 3076 991 3112 ‚
1041 3048 1298 3119 neque,
1364 3029 1449 3099 ab
1497 3033 1729 3102 amicis
1770 3044 2171 3123 quamquam

221 3141 668 3223 admonitum
691 3187 712 3225 ‚
759 3165 998 3235 operae
1045 3146 1208 3217 illud
1258 3151 1549 3239 pretium
1598 3148 1873 3226 duxisse.
1960 3148 2175 3237 Audi,

213 3255 739 3365 thenbacha‘
765 3260 800 3332 ‚¹
889 3259 1230 3337 Critobulo
1258 3314 1283 3353 ‚
1363 3270 1659 3358 itemque
1738 3268 2121 3342 Philalethe‘
2151 3317 2175 3360 ‚

1896 3390 2327 3483 ,fimi--

219 3564 2185 3620 W

301 3706 424 3789 (Φ)
469 3700 676 3781 Epist.
724 3714 818 3774 ¹9·
857 3644 977 3762 Μ..
1007 3692 1274 3762 Graevtl.
1313 3696 1387 3760 T.
1423 3694 1474 3760 1.
1508 3714 1571 3775 p.
1602 3701 1737 3767 281·
1882 3664 1890 3671 .

272 3808 427 3894 (ᾗ)
473 3804 643 3869 Bibl.
673 3816 738 3879 p-
761 3818 865 3881 72·
