2719 4895
939 291 1319 390 (41)

229 495 436 572 ,Satis
499 513 608 566 me
678 488 912 564 dixisse
977 493 1220 584 opinor
1252 541 1274 577 ,
1358 509 1435 560 ut
1500 509 1805 584 appareat
1834 541 1859 578 ‚
1940 513 2085 584 quo

130 621 325 714 jure,
372 639 552 703 ,cum
601 633 880 709 propter
929 615 1361 708 ignorantiam
1382 630 1635 697 ..tuam‚
1688 601 1823 687 tum
1878 632 2117 704 prop-,

137 760 246 813 ter
324 759 532 810 raram
620 753 892 826 quoque
969 732 1168 802 animi
1253 727 1720 822 impudentiam
1752 779 1777 816 ,
1846 749 1980 799 non
2043 753 2119 802 a.

129 858 412 932 laudato
478 873 728 926 tantum
802 849 1096 924 Censore
1162 847 1283 919 illo
1331 847 1657 944 Belgico‚
1725 871 1949 924 verum
1993 855 2081 924 ab

127 976 292 1068 aliis
333 978 528 1072 etiam
573 969 792 1052 Viris,
843 968 1300 1062 Philosophiae
1350 971 1617 1040 criticae
1664 974 1931 1063 ρει-ἱεὶς,
1979 993 2087 1046 re·

111 1076 430 1186 ⁸rumque
471 1097 720 1184 -aequis
779 1084 1154 1182 iudicibuS,
1221 1109 1352 1160 tam
1404 1089 1657 1182 scriptis
1706 1113 1899 1182 quam
1954 1086 2111 1182 ser-J

129 1216 460 1290 monibus
493 1266 516 1300 ‚
603 1215 1022 1289 vehementer
1091 1215 1503 1306 vapulaveris
1541 1269 1565 1304 ,
1644 1237 1715 1288 et
1769 1217 2079 1310 vapulare

119 1337 360 1408 adhuc
421 1358 678 1430 pergas.
776 1335 1002 1408 Dictis
1073 1335 1379 1427 equidem
1446 1338 1663 1410 multo
1732 1337 1921 1434 plura
1968 1338 2084 1410 ad-

125 1459 294 1530 dere
361 1456 675 1548 possem:
741 1453 854 1526 sed
925 1453 1008 1526 ad
1079 1453 1416 1528 hominem
1446 1507 1470 1543 ‚
1540 1477 1669 1530 tam
1736 1463 2113 1554 ignarum„
2230 1471 2235 1474 ’

131 1601 272 1650 tam
340 1577 434 1648 sui
498 1573 814 1668 plenum,
898 1594 1164 1667 tamque
1223 1575 1713 1668 impudentem,
1783 1579 2084 1672 pluribus

133 1701 262 1772 hac
339 1697 422 1768 de
487 1717 560 1767 re
635 1693 918 1766 scribere
981 1693 1170 1767 nolo·
1294 1695 1523 1768 Facile
1592 1694 1853 1789 insuper
1922 1699 2085 1770 esset

138 1816 524 1902 ostendere,
593 1819 660 1886 in
711 1815 1076 1888 enarrandis
1125 1815 1645 1888 Kantianorum
1694 1839 2089 1910 praecepto·

147 1959 292 2020 rum
352 1937 538 2024 fatis,
605 1959 802 2029 quam
869 1937 1112 2031 longe,
1180 1937 1308 2008 five
1372 1940 1729 2032 ignorantia
1778 1939 1914 2011 hoc
1964 1945 2089 2011 ite-

161 2077 302 2128 rum
371 2057 609 2130 sactum
677 2057 756 2129 fit
785 2109 808 2143 ‚
878 2059 1006 2129 five
1077 2057 1395 2136 confilio,
1470 2058 1553 2128 de
1619 2059 1719 2130 vis
1766 2065 1903 2130 veri
1964 2059 2083 2128 de-

150 2175 440 2247 flexeris=
479 2175 862 2262 velut‚curn
885 2175 1004 2268 (ut
1043 2177 1174 2247 hoc
1203 2153 1415 2248 'unum
1446 2175 1825 2267 exemplum
1849 2177 2079 2268 profe·

137 2305 320 2388 ram)
355 2295 624 2368 Lectori
661 2319 875 2370 narras
896 2343 918 2383 ‚
956 2317 1102 2367 earn
1137 2295 1504 2367 doctrinam
1524 2351 1541 2370 ,
1584 2319 1820 2387 quarn,
1879 2299 2079 2372 invita

133 2421 416 2493 criticae
464 2416 927 2511 Philosophiae
961 2417 1254 2490 univerffl
1291 2416 1515 2491 indole
1550 2439 1747 2511 atque
1798 2419 2025 2493 natura
2048 2471 2077 2511 ,

128 2560 370 2615 novam
424 2538 718 2631 appellas
771 2536 1308 2633 Metaphyst'cam
1335 2590 1361 2625 ‚
1416 2538 1593 2631 apud
1653 2541 2031 2615 Germanos
2049 2606 2079 2645 ‚

125 2664 251 2757 jam
315 2662 780 2758 duodeviginn
825 2681 1034 2734 annos
1081 2658 1278 2731 fuisse
1329 2680 1541 2731 natam
1562 2711 1585 2744 ‚
1660 2680 1728 2729 et
1775 2660 2065 2733 vetulam

132 2782 568 2872 effoetamque
671 2778 954 2851 habitam
991 2831 1017 2866 .‚
1119 2802 1323 2871 quum
1412 2779 1592 2851 illam
1676 2802 1810 2875 ego
1890 2780 2067 2874 apud

144 2899 484 2973 Nostrates
531 2898 968 2993 producerem
991 2948 1013 2986 ‚
1062 2919 1130 2971 et
1177 2899 1493 2997 Belgice‚
1544 2922 1617 2974 ut
1661 2900 1828 2973 dicis
1847 2950 1871 2986 ‚
1920 2924 2071 2975 cre·

127 3035 312 3114 pare
367 3044 708 3117 ,cogerem3
793 3019 943 3093 dein
964 3072 988 3107 ,
1049 3021 1212 3094 filias
1282 3043 1427 3094 eam
1508 3021 1805 3093 habuisse
1876 3043 2069 3116 gran·-

129 3141 505 3228 diuscula8‚
567 3162 638 3212 et
693 3145 1028 3213 matris’et
1076 3146 1356 3215 invicem
1408 3164 1543 3213 non
1590 3144 1797 3215 modo
1843 3166 2067 3217 aemu-

117 3264 248 3348 las,
305 3262 418 3335 sed
471 3282 539 3334 et
584 3260 1028 3355 expultrices3
1097 3261 1517 3356 dormireque
1561 3265 1693 3356 jam
1742 3284 1811 3335 et
1859 3266 2067 3335 intac-

117 3406 244 3457 tam
293 3390 362 3457 in
419 3384 819 3459 Germania
861 3386 1081 3479 jacere
1132 3383 1529 3478 decrepitam
1590 3404 1859 3455 matrem
1882 3434 1906 3469 ,
1956 3382 2065 3461 fu-

119 3507 282 3577 riose
367 3506 547 3577 licet
643 3528 680 3576 a
786 3502 1176 3597 quibusdam
1278 3503 1665 3575 Nostratum
1771 3524 2072 3579 amatam.
2164 3532 2175 3545 ·

119 3624 314 3723 Quae
387 3626 622 3702 omnia
688 3647 886 3717 quam
967 3625 1087 3695 fint
1149 3622 1301 3697 falia
1328 3674 1353 3712 ‚
1435 3624 1671 3719 fugere
1738 3630 2113 3699 neminem.

111 3766 340 3843 potest
372 3796 400 3833 ,
489 3744 606 3822 nifi
675 3746 792 3843 qui
866 3746 933 3815 in
994 3744 1379 3815 recentioris
1442 3746 1713 3822 historia
1766 3745 2069 3826 Philoso-

1035 3863 1097 3938 C
1152 3884 1196 3963 5
1866 3862 2063 3954 phiae
