<?xml version="1.0" encoding="UTF-8"?>
<!DOCTYPE html PUBLIC "-//W3C//DTD XHTML 1.0 Transitional//EN"
    "http://www.w3.org/TR/xhtml1/DTD/xhtml1-transitional.dtd">
<html xmlns="http://www.w3.org/1999/xhtml" xml:lang="en" lang="en">
 <head>
  <title>
</title>
<meta http-equiv="Content-Type" content="text/html;charset=utf-8" />
  <meta name='ocr-system' content='tesseract 3.04.00' />
  <meta name='ocr-capabilities' content='ocr_page ocr_carea ocr_par ocr_line ocrx_word'/>
</head>
<body>
  <div class='ocr_page' id='page_1' title='image "./triasepistolaru00hemegoog_0183.png"; bbox 0 0 2719 4895; ppageno 0'>
   <div class='ocr_carea' id='block_1_1' title="bbox 53 376 2193 1995">
    <p class='ocr_par' dir='ltr' id='par_1_1' title="bbox 53 376 2193 1995">
     <span class='ocr_line' id='line_1_1' title="bbox 931 376 1308 477; baseline -0.005 0"><span class='ocrx_word' id='word_1_1' title='bbox 931 378 982 477; x_wconf 90' lang='lat'>(</span> <span class='ocrx_word' id='word_1_2' title='bbox 1074 380 1114 457; x_wconf 80' lang='grc'><strong>8</strong></span> <span class='ocrx_word' id='word_1_3' title='bbox 1127 400 1156 455; x_wconf 88' lang='lat'>1</span> <span class='ocrx_word' id='word_1_4' title='bbox 1259 376 1308 475; x_wconf 92' lang='lat'><em>)</em></span> 
     </span>
     <span class='ocr_line' id='line_1_2' title="bbox 75 570 2135 683; baseline -0.004 -26"><span class='ocrx_word' id='word_1_5' title='bbox 75 576 542 683; x_wconf 56' lang='lat' dir='ltr'><strong>militando</strong></span> <span class='ocrx_word' id='word_1_6' title='bbox 581 572 820 671; x_wconf 70' lang='lat' dir='ltr'><strong>potius</strong></span> <span class='ocrx_word' id='word_1_7' title='bbox 865 590 1072 669; x_wconf 80' lang='lat' dir='ltr'><em>quam</em></span> <span class='ocrx_word' id='word_1_8' title='bbox 1108 571 1517 671; x_wconf 72' lang='lat' dir='ltr'><em>refillendo,</em></span> <span class='ocrx_word' id='word_1_9' title='bbox 1566 570 2091 667; x_wconf 59' lang='lat' dir='ltr'><em>respondeum</em></span> <span class='ocrx_word' id='word_1_10' title='bbox 2118 628 2135 649; x_wconf 89' lang='lat'><strong>.</strong></span> 
     </span>
     <span class='ocr_line' id='line_1_3' title="bbox 69 693 2089 799; baseline -0.005 -21"><span class='ocrx_word' id='word_1_11' title='bbox 69 728 252 785; x_wconf 78' lang='lat' dir='ltr'><strong>non</strong></span> <span class='ocrx_word' id='word_1_12' title='bbox 289 698 456 799; x_wconf 71' lang='lat' dir='ltr'><strong>esst.</strong></span> <span class='ocrx_word' id='word_1_13' title='bbox 476 698 850 772; x_wconf 86' lang='lat' dir='ltr'><strong>existimes.</strong></span> <span class='ocrx_word' id='word_1_14' title='bbox 881 694 993 767; x_wconf 87' lang='lat' dir='ltr'><strong>sed</strong></span> <span class='ocrx_word' id='word_1_15' title='bbox 1023 694 1204 789; x_wconf 89' lang='lat' dir='ltr'>quod</span> <span class='ocrx_word' id='word_1_16' title='bbox 1239 693 1415 771; x_wconf 89' lang='lat' dir='ltr'><strong>istud</strong></span> <span class='ocrx_word' id='word_1_17' title='bbox 1451 695 1800 767; x_wconf 84' lang='lat' dir='ltr'><strong>hominum</strong></span> <span class='ocrx_word' id='word_1_18' title='bbox 1836 716 2089 793; x_wconf 83' lang='lat' dir='ltr'><strong>genus,</strong></span> 
     </span>
     <span class='ocr_line' id='line_1_4' title="bbox 53 796 2193 919; baseline -0.007 -17"><span class='ocrx_word' id='word_1_19' title='bbox 53 826 174 904; x_wconf 75' lang='lat' dir='ltr'><strong>ad</strong></span> <span class='ocrx_word' id='word_1_20' title='bbox 281 820 504 919; x_wconf 86' lang='lat' dir='ltr'><strong>quod</strong></span> <span class='ocrx_word' id='word_1_21' title='bbox 567 817 786 919; x_wconf 85' lang='lat' dir='ltr'>ipsum</span> <span class='ocrx_word' id='word_1_22' title='bbox 849 836 914 888; x_wconf 90' lang='lat' dir='ltr'><strong>te</strong></span> <span class='ocrx_word' id='word_1_23' title='bbox 991 814 1483 913; x_wconf 79' lang='lat' dir='ltr'>aggregandum</span> <span class='ocrx_word' id='word_1_24' title='bbox 1548 814 1685 887; x_wconf 87' lang='lat' dir='ltr'><strong>esse</strong></span> <span class='ocrx_word' id='word_1_25' title='bbox 1738 816 2087 910; x_wconf 78' lang='lat' dir='ltr'>probasti,</span> <span class='ocrx_word' id='word_1_26' title='bbox 2190 796 2193 802; x_wconf 38' lang='lat'><strong><em>⁵</em></strong></span> 
     </span>
     <span class='ocr_line' id='line_1_5' title="bbox 69 936 2088 1027; baseline -0.005 -8"><span class='ocrx_word' id='word_1_27' title='bbox 69 962 288 1023; x_wconf 81' lang='lat' dir='ltr'><strong>cum</strong></span> <span class='ocrx_word' id='word_1_28' title='bbox 359 942 535 1015; x_wconf 81' lang='lat' dir='ltr'><strong>viris</strong></span> <span class='ocrx_word' id='word_1_29' title='bbox 575 936 938 1011; x_wconf 82' lang='lat' dir='ltr'><strong>audacibus</strong></span> <span class='ocrx_word' id='word_1_30' title='bbox 951 983 976 1022; x_wconf 88' lang='lat'>‚</span> <span class='ocrx_word' id='word_1_31' title='bbox 1033 938 1149 1027; x_wconf 87' lang='lat' dir='ltr'><strong>qui</strong></span> <span class='ocrx_word' id='word_1_32' title='bbox 1173 936 1419 1009; x_wconf 81' lang='lat' dir='ltr'>bonam</span> <span class='ocrx_word' id='word_1_33' title='bbox 1460 954 1761 1009; x_wconf 85' lang='lat' dir='ltr'>tueantur</span> <span class='ocrx_word' id='word_1_34' title='bbox 1788 937 1927 1008; x_wconf 88' lang='lat' dir='ltr'><strong>veri</strong></span> <span class='ocrx_word' id='word_1_35' title='bbox 1960 936 2088 1009; x_wconf 89' lang='lat' dir='ltr'><strong>ho·</strong></span> 
     </span>
     <span class='ocr_line' id='line_1_6' title="bbox 63 1057 2090 1165; baseline -0.008 -16"><span class='ocrx_word' id='word_1_36' title='bbox 63 1072 466 1159; x_wconf 68' lang='lat' dir='ltr'><strong>uescique</strong></span> <span class='ocrx_word' id='word_1_37' title='bbox 531 1060 792 1135; x_wconf 80' lang='lat' dir='ltr'>causam</span> <span class='ocrx_word' id='word_1_38' title='bbox 805 1110 832 1147; x_wconf 85' lang='lat'>‚</span> <span class='ocrx_word' id='word_1_39' title='bbox 894 1075 1222 1131; x_wconf 75' lang='lat' dir='ltr'>certamen</span> <span class='ocrx_word' id='word_1_40' title='bbox 1287 1062 1451 1130; x_wconf 84' lang='lat' dir='ltr'><strong>inire</strong></span> <span class='ocrx_word' id='word_1_41' title='bbox 1513 1057 1907 1165; x_wconf 56' lang='lat' dir='ltr'><strong>plemjnque</strong></span> <span class='ocrx_word' id='word_1_42' title='bbox 1952 1075 2090 1133; x_wconf 86' lang='lat' dir='ltr'><strong>non</strong></span> 
     </span>
     <span class='ocr_line' id='line_1_7' title="bbox 71 1178 2093 1277; baseline -0.005 -10"><span class='ocrx_word' id='word_1_43' title='bbox 71 1188 422 1267; x_wconf 80' lang='lat' dir='ltr'><strong>audeat.</strong></span> <span class='ocrx_word' id='word_1_44' title='bbox 541 1179 814 1277; x_wconf 81' lang='lat' dir='ltr'><strong>Quibus</strong></span> <span class='ocrx_word' id='word_1_45' title='bbox 875 1178 1189 1272; x_wconf 84' lang='lat' dir='ltr'>equidem</span> <span class='ocrx_word' id='word_1_46' title='bbox 1269 1180 1580 1255; x_wconf 83' lang='lat' dir='ltr'><strong>omnibus</strong></span> <span class='ocrx_word' id='word_1_47' title='bbox 1649 1180 1817 1255; x_wconf 88' lang='lat' dir='ltr'><strong>nihil</strong></span> <span class='ocrx_word' id='word_1_48' title='bbox 1874 1182 2093 1257; x_wconf 80' lang='lat' dir='ltr'>habeo</span> 
     </span>
     <span class='ocr_line' id='line_1_8' title="bbox 85 1298 2094 1406; baseline -0 -30"><span class='ocrx_word' id='word_1_49' title='bbox 85 1304 334 1406; x_wconf 81' lang='lat' dir='ltr'>quod</span> <span class='ocrx_word' id='word_1_50' title='bbox 415 1298 655 1375; x_wconf 78' lang='lat' dir='ltr'><strong>addam</strong></span> <span class='ocrx_word' id='word_1_51' title='bbox 669 1350 694 1389; x_wconf 87' lang='lat'><strong>,</strong></span> <span class='ocrx_word' id='word_1_52' title='bbox 763 1317 1024 1393; x_wconf 83' lang='lat' dir='ltr'>praeter</span> <span class='ocrx_word' id='word_1_53' title='bbox 1089 1300 1225 1372; x_wconf 88' lang='lat' dir='ltr'><strong>hoc</strong></span> <span class='ocrx_word' id='word_1_54' title='bbox 1290 1320 1537 1379; x_wconf 83' lang='lat' dir='ltr'><strong>unum=</strong></span> <span class='ocrx_word' id='word_1_55' title='bbox 1603 1318 1860 1399; x_wconf 75' lang='lat' dir='ltr'>gratum</span> <span class='ocrx_word' id='word_1_56' title='bbox 1925 1304 2094 1375; x_wconf 85' lang='lat' dir='ltr'><strong>mihi</strong></span> 
     </span>
     <span class='ocr_line' id='line_1_9' title="bbox 83 1420 2089 1516; baseline -0.001 -17"><span class='ocrx_word' id='word_1_57' title='bbox 83 1447 374 1505; x_wconf 76' lang='lat' dir='ltr'><strong>tamen</strong></span> <span class='ocrx_word' id='word_1_58' title='bbox 443 1420 592 1494; x_wconf 85' lang='lat' dir='ltr'>fore</span> <span class='ocrx_word' id='word_1_59' title='bbox 659 1442 739 1493; x_wconf 82' lang='lat' dir='ltr'><strong>ac</strong></span> <span class='ocrx_word' id='word_1_60' title='bbox 785 1436 1110 1516; x_wconf 80' lang='lat' dir='ltr'><strong>perquam</strong></span> <span class='ocrx_word' id='word_1_61' title='bbox 1152 1420 1509 1515; x_wconf 83' lang='lat' dir='ltr'><strong>jucundum</strong></span> <span class='ocrx_word' id='word_1_62' title='bbox 1531 1471 1558 1508; x_wconf 85' lang='lat'>‚</span> <span class='ocrx_word' id='word_1_63' title='bbox 1620 1423 1669 1495; x_wconf 85' lang='lat' dir='ltr'><strong>fi</strong></span> <span class='ocrx_word' id='word_1_64' title='bbox 1716 1425 2045 1496; x_wconf 78' lang='lat' dir='ltr'><strong>rescivere</strong></span> <span class='ocrx_word' id='word_1_65' title='bbox 2062 1472 2089 1511; x_wconf 88' lang='lat'>,</span> 
     </span>
     <span class='ocr_line' id='line_1_10' title="bbox 91 1540 2095 1641; baseline -0.004 -15"><span class='ocrx_word' id='word_1_66' title='bbox 91 1551 200 1625; x_wconf 82' lang='lat' dir='ltr'><strong>de</strong></span> <span class='ocrx_word' id='word_1_67' title='bbox 259 1566 402 1619; x_wconf 82' lang='lat' dir='ltr'><strong>me</strong></span> <span class='ocrx_word' id='word_1_68' title='bbox 455 1542 672 1615; x_wconf 82' lang='lat' dir='ltr'>rursus</span> <span class='ocrx_word' id='word_1_69' title='bbox 716 1540 1120 1637; x_wconf 61' lang='lat' dir='ltr'><strong>affluendo,</strong></span> <span class='ocrx_word' id='word_1_70' title='bbox 1183 1560 1258 1615; x_wconf 85' lang='lat' dir='ltr'><strong>et</strong></span> <span class='ocrx_word' id='word_1_71' title='bbox 1271 1591 1296 1630; x_wconf 91' lang='lat'>‚</span> <span class='ocrx_word' id='word_1_72' title='bbox 1355 1540 1410 1615; x_wconf 83' lang='lat' dir='ltr'><strong>fi</strong></span> <span class='ocrx_word' id='word_1_73' title='bbox 1456 1541 1611 1615; x_wconf 87' lang='lat' dir='ltr'><strong>Diis</strong></span> <span class='ocrx_word' id='word_1_74' title='bbox 1644 1541 1896 1637; x_wconf 78' lang='lat' dir='ltr'>placet!</span> <span class='ocrx_word' id='word_1_75' title='bbox 1955 1558 2095 1641; x_wconf 83' lang='lat' dir='ltr'><strong>pu·</strong></span> 
     </span>
     <span class='ocr_line' id='line_1_11' title="bbox 103 1660 2093 1761; baseline -0.004 -14"><span class='ocrx_word' id='word_1_76' title='bbox 103 1664 406 1746; x_wconf 61' lang='lat' dir='ltr'><strong>aiendo</strong></span> <span class='ocrx_word' id='word_1_77' title='bbox 469 1682 534 1735; x_wconf 84' lang='lat' dir='ltr'><strong>te</strong></span> <span class='ocrx_word' id='word_1_78' title='bbox 584 1664 878 1759; x_wconf 81' lang='lat' dir='ltr'><strong>cogitare</strong></span> <span class='ocrx_word' id='word_1_79' title='bbox 896 1713 921 1750; x_wconf 91' lang='lat'>,</span> <span class='ocrx_word' id='word_1_80' title='bbox 987 1678 1278 1755; x_wconf 80' lang='lat' dir='ltr'>eumque</span> <span class='ocrx_word' id='word_1_81' title='bbox 1340 1664 1411 1734; x_wconf 89' lang='lat' dir='ltr'><strong>in</strong></span> <span class='ocrx_word' id='word_1_82' title='bbox 1471 1660 1668 1735; x_wconf 87' lang='lat' dir='ltr'>finem</span> <span class='ocrx_word' id='word_1_83' title='bbox 1688 1714 1713 1752; x_wconf 90' lang='lat'><strong>,</strong></span> <span class='ocrx_word' id='word_1_84' title='bbox 1778 1683 2093 1761; x_wconf 80' lang='lat' dir='ltr'><strong>quantum</strong></span> 
     </span>
     <span class='ocr_line' id='line_1_12' title="bbox 105 1781 2098 1886; baseline -0.003 -24"><span class='ocrx_word' id='word_1_85' title='bbox 105 1812 316 1886; x_wconf 81' lang='lat' dir='ltr'><strong>opus</strong></span> <span class='ocrx_word' id='word_1_86' title='bbox 395 1783 490 1859; x_wconf 82' lang='lat' dir='ltr'><strong>fit</strong></span> <span class='ocrx_word' id='word_1_87' title='bbox 550 1781 870 1857; x_wconf 84' lang='lat' dir='ltr'>subsecivi</span> <span class='ocrx_word' id='word_1_88' title='bbox 934 1784 1256 1876; x_wconf 85' lang='lat' dir='ltr'><strong>temporis</strong></span> <span class='ocrx_word' id='word_1_89' title='bbox 1290 1833 1318 1869; x_wconf 84' lang='lat'>‚</span> <span class='ocrx_word' id='word_1_90' title='bbox 1408 1782 1797 1875; x_wconf 82' lang='lat' dir='ltr'><strong>quotidianis</strong></span> <span class='ocrx_word' id='word_1_91' title='bbox 1876 1782 2098 1857; x_wconf 76' lang='lat' dir='ltr'><strong>studiis</strong></span> 
     </span>
     <span class='ocr_line' id='line_1_13' title="bbox 119 1898 2101 1995; baseline -0.003 -13"><span class='ocrx_word' id='word_1_92' title='bbox 119 1904 574 1983; x_wconf 78' lang='lat' dir='ltr'>subtrahere.</span> <span class='ocrx_word' id='word_1_93' title='bbox 689 1898 848 1974; x_wconf 87' lang='lat' dir='ltr'><strong>Hoc</strong></span> <span class='ocrx_word' id='word_1_94' title='bbox 896 1906 1078 1974; x_wconf 82' lang='lat' dir='ltr'><strong>enim</strong></span> <span class='ocrx_word' id='word_1_95' title='bbox 1126 1902 1328 1987; x_wconf 78' lang='lat' dir='ltr'><strong>scias,</strong></span> <span class='ocrx_word' id='word_1_96' title='bbox 1398 1899 1911 1995; x_wconf 70' lang='lat' dir='ltr'><strong>Wyttenbacbi.</strong></span> <span class='ocrx_word' id='word_1_97' title='bbox 1902 1904 1926 1951; x_wconf 79' lang='lat'><strong><em>‘</em></strong></span> <span class='ocrx_word' id='word_1_98' title='bbox 1990 1920 2101 1977; x_wconf 77' lang='lat' dir='ltr'><strong>me</strong></span> 
     </span>
    </p>
   </div>
   <div class='ocr_carea' id='block_1_2' title="bbox 123 2016 2099 2235">
    <p class='ocr_par' dir='ltr' id='par_1_2' title="bbox 123 2016 2099 2235">
     <span class='ocr_line' id='line_1_14' title="bbox 123 2016 2097 2115; baseline 0.001 -20"><span class='ocrx_word' id='word_1_99' title='bbox 123 2046 286 2096; x_wconf 78' lang='lat' dir='ltr'><strong>nee</strong></span> <span class='ocrx_word' id='word_1_100' title='bbox 369 2040 508 2103; x_wconf 82' lang='lat' dir='ltr'><strong>te,</strong></span> <span class='ocrx_word' id='word_1_101' title='bbox 583 2018 712 2092; x_wconf 74' lang='lat' dir='ltr'><strong>tua</strong></span> <span class='ocrx_word' id='word_1_102' title='bbox 775 2020 933 2091; x_wconf 87' lang='lat' dir='ltr'><strong>licet</strong></span> <span class='ocrx_word' id='word_1_103' title='bbox 983 2019 1354 2107; x_wconf 67' lang='lat' dir='ltr'><strong>involutum</strong></span> <span class='ocrx_word' id='word_1_104' title='bbox 1408 2016 1821 2110; x_wconf 80' lang='lat' dir='ltr'><strong>Latinitate,</strong></span> <span class='ocrx_word' id='word_1_105' title='bbox 1884 2044 2097 2115; x_wconf 85' lang='lat' dir='ltr'>neque</span> 
     </span>
     <span class='ocr_line' id='line_1_15' title="bbox 133 2132 2099 2235; baseline -0.002 -21"><span class='ocrx_word' id='word_1_106' title='bbox 133 2144 374 2215; x_wconf 80' lang='lat' dir='ltr'><strong>etiam</strong></span> <span class='ocrx_word' id='word_1_107' title='bbox 435 2132 859 2209; x_wconf 73' lang='lat' dir='ltr'><strong>Critobutum</strong></span> <span class='ocrx_word' id='word_1_108' title='bbox 891 2154 1124 2225; x_wconf 85' lang='lat' dir='ltr'><strong>tuum,</strong></span> <span class='ocrx_word' id='word_1_109' title='bbox 1168 2158 1298 2211; x_wconf 87' lang='lat' dir='ltr'><strong>nec</strong></span> <span class='ocrx_word' id='word_1_110' title='bbox 1335 2136 1840 2226; x_wconf 74' lang='grc' dir='ltr'><strong>ΡΙιὶΖαΙεεῙιεηι</strong></span> <span class='ocrx_word' id='word_1_111' title='bbox 1884 2159 2099 2235; x_wconf 75' lang='lat' dir='ltr'><strong>nequ·</strong></span> 
     </span>
    </p>
   </div>
   <div class='ocr_carea' id='block_1_3' title="bbox 131 2252 1200 2353">
    <p class='ocr_par' dir='ltr' id='par_1_3' title="bbox 131 2252 1200 2353">
     <span class='ocr_line' id='line_1_16' title="bbox 131 2252 1200 2353; baseline 0.002 -3"><span class='ocrx_word' id='word_1_112' title='bbox 131 2261 372 2339; x_wconf 71' lang='lat' dir='ltr'>auum</span> <span class='ocrx_word' id='word_1_113' title='bbox 429 2256 820 2351; x_wconf 78' lang='lat' dir='ltr'><strong>quempiam</strong></span> <span class='ocrx_word' id='word_1_114' title='bbox 865 2252 1200 2353; x_wconf 64' lang='lat' dir='ltr'>fflgeoe.</span> 
     </span>
    </p>
   </div>
   <div class='ocr_carea' id='block_1_4' title="bbox 139 2449 1531 2890">
    <p class='ocr_par' dir='ltr' id='par_1_4' title="bbox 139 2449 1531 2890">
     <span class='ocr_line' id='line_1_17' title="bbox 139 2449 1531 2671; baseline -0.006 -13"><span class='ocrx_word' id='word_1_115' title='bbox 139 2585 230 2658; x_wconf 75' lang='lat' dir='ltr'><strong>in</strong></span> <span class='ocrx_word' id='word_1_116' title='bbox 257 2569 678 2670; x_wconf 37' lang='lat' dir='ltr'><strong>Sub-urbano</strong></span> <span class='ocrx_word' id='word_1_117' title='bbox 709 2449 1531 2671; x_wconf 49' lang='lat' dir='ltr'><strong>ggmmstelodamense:</strong></span> 
     </span>
     <span class='ocr_line' id='line_1_18' title="bbox 615 2687 1070 2786; baseline 0.013 -26"><span class='ocrx_word' id='word_1_118' title='bbox 615 2689 685 2760; x_wconf 86' lang='lat' dir='ltr'><strong>d.</strong></span> <span class='ocrx_word' id='word_1_119' title='bbox 729 2715 777 2782; x_wconf 87' lang='lat'>4</span> <span class='ocrx_word' id='word_1_120' title='bbox 824 2687 1070 2786; x_wconf 73' lang='lat' dir='ltr'><em>Jum&#39;8&#39;‚</em></span> 
     </span>
     <span class='ocr_line' id='line_1_19' title="bbox 573 2807 1158 2890; baseline 0.012 -7"><span class='ocrx_word' id='word_1_121' title='bbox 573 2807 662 2883; x_wconf 89' lang='lat' dir='ltr'>M</span> <span class='ocrx_word' id='word_1_122' title='bbox 681 2807 752 2882; x_wconf 94' lang='lat' dir='ltr'>D</span> <span class='ocrx_word' id='word_1_123' title='bbox 769 2809 918 2888; x_wconf 83' lang='lat' dir='ltr'><strong>CC</strong></span> <span class='ocrx_word' id='word_1_124' title='bbox 939 2811 1005 2886; x_wconf 92' lang='lat' dir='ltr'>C</span> <span class='ocrx_word' id='word_1_125' title='bbox 1022 2813 1158 2890; x_wconf 86' lang='lat' dir='ltr'><strong>IX.</strong></span> 
     </span>
    </p>
   </div>
  </div>
 </body>
</html>
