2719 4895
1380 333 1875 449 6783'

601 553 930 625 literarum
983 562 1252 621 omnem
1277 598 1300 634 ,
1348 560 1703 639 earumque
1760 542 2089 641 propriam
2134 556 2221 621 ac·
2250 542 2545 629 nativam

599 674 1054 766 praestantiam
1090 722 1114 757 ,
1201 690 1270 741 et
1349 667 1431 740 ad
1496 670 1845 741 hominum
1906 672 2161 741 animos
2223 674 2545 744 vitiorum

589 793 778 865 faece
835 792 1267 882 sordibusque
1344 786 1807 884 expurgandos
1864 788 2277 881 efficaciam,
2346 816 2539 865 recte

585 912 884 985 nondum
946 912 1340 1003 percepistiz
1406 928 1518 996 et,
1585 923 1786 992 cum,
1851 912 1917 982 in
1968 910 2257 984 universa
2302 924 2537 986 rerum

579 1035 810 1105 natura
831 1082 853 1120 ,
917 1031 1073 1119 illa,
1123 1034 1254 1123 qua
1303 1050 1376 1105 tu
1424 1054 1649 1118 cares,
1697 1032 2032 1118 bonitate,
2078 1036 2272 1105 verae
2321 1038 2535 1110 virtu·

587 1154 670 1224 tis
727 1153 956 1256 fonte
1023 1151 1188 1225 nihil
1237 1152 1312 1223 fit
1358 1149 1687 1244 pulcrius,
1754 1150 1919 1223 nihil
1964 1156 2339 1240 venustius,
2388 1174 2537 1229 om-

578 1290 740 1345 nem
795 1271 982 1383 ludeo
1045 1271 1505 1365 pulcritudinis
1572 1271 1891 1345 ambitum
1925 1318 1950 1358 ,
2032 1274 2535 1369 universamque

583 1387 938 1466 νεηυεὲιιίε
1003 1410 1294 1464 naturam
1368 1394 1593 1463 animo
1660 1389 1955 1463 nondum
2018 1412 2137 1465 tuo
2214 1408 2541 1488 compre·

578 1511 889 1589 hendisti.
989 1512 1151 1585 Uno
1219 1512 1427 1585 verbo
1446 1558 1473 1599 ,
1544 1508 1841 1583 nondum
1910 1535 2072 1587 vere
2136 1510 2385 1589 doctus
2452 1537 2537 1589 ae

579 1630 874 1703 literatus
953 1652 1075 1713 est
1142 1650 1215 1702 et
1245 1683 1268 1719 ,
1295 1634 1629 1724 quamvis
1695 1630 2013 1729 elegantis
2073 1636 2175 1707 vir
2238 1637 2541 1735 ingenii,

585 1752 936 1845 pulcriq'ue
995 1752 1210 1823 bonus
1275 1731 1736 1839 existimator,
1780 1749 2253 1847 elegantiarum
2314 1776 2541 1831 temen

459 1946 468 1959 ⁴
585 1894 665 1945 ac
731 1872 1201 1965 pulcritudinis
1256 1871 1440 1945 sensu
1484 1871 1660 1945 haud
1708 1888 1840 1945 tam
1888 1870 2023 1945 acri
2068 1886 2343 1966 tamque
2388 1894 2546 1973 per-

584 1991 778 2064 fecto
807 1992 1059 2085 polles,
1103 1996 1260 2085 quin
1297 2012 1455 2063 cum
1501 1991 1837 2079 universe,
1886 2010 2027 2063 tum
2070 1996 2137 2067 in
2168 1998 2265 2067 eis
2290 2002 2540 2087 etiam,

585 2132 748 2205 quas
795 2110 1150 2203 profitere,
1199 2108 1718 2208 elegantioribus
1762 2112 1965 2185 literis
2010 2114 2295 2187 multum
2329 2119 2540 2213 pluri*
2648 2195 2657 2209 ,

587 2253 904 2326 mumque
933 2232 1268 2333 proficere
1297 2230 1529 2327 posfis.
1572 2233 1720 2305 Imo
1750 2257 1911 2307 vero
1940 2240 2359 2331 praecipuam
2390 2240 2545 2335 pul·

583 2353 926 2427 critudinis
961 2336 1549 2454 partem-nondum
1584 2358 1874 2447 attigisti.
1940 2354 2317 2447 Quomodo
2352 2364 2539 2431 enim

587 2475 677 2558 iz,
729 2477 844 2567 qui
899 2470 1134 2542 humili
1177 2467 1559 2561 abjectaque
1600 2489 1863 2558 mente,
1912 2469 2007 2541 sui
2049 2474 2308 2564 plenus,
2362 2479 2546 2570 inju.

580 2592 836 2672 riosus,
883 2608 953 2660 et
991 2589 1421 2660 calumniator
1448 2605 1588 2671 est,
1630 2587 1839 2678 ipsam
1875 2589 2055 2662 illam
2076 2639 2101 2678 ,
2135 2611 2304 2681 quae
2340 2595 2537 2672 bono

580 2711 869 2782 honesto
937 2707 1108 2780 inest
1129 2753 1156 2792 ,
1222 2723 1655 2778 venustatem·
1697 2727 1799 2786 ac,
1823 2705 2337 2800 pulcritudinem
2388 2723 2531 2790 ani·

585 2847 706 2902 mo
771 2827 1068 2918 ceperit,
1133 2821 1379 2894 nedum
1442 2827 1868 2918 perceperit?
1930 2827 2043 2898 Ad
2090 2829 2279 2904 illum
2328 2838 2533 2936 igitur

581 2945 879 3020 nondum
959 2946 1302 3039 perrexisti
1381 2944 1737 3017 altitudinis
1814 2946 2293 3044 divinitatisque
2387 2958 2532 3034 sen·

585 3070 734 3141 sum
763 3119 786 3154 ,
853 3087 990 3158 quo
1054 3063 1290 3138 doctus
1353 3083 1569 3138 nemo*
1614 3067 2073 3160 literatusque,
2120 3073 2239 3148 niss
2286 3080 2406 3168 qui
2455 3069 2529 3150 fi.
2614 3087 2623 3096 ·

587 3189 732 3262 mul
775 3208 925 3262 vere
978 3187 1188 3258 bonus
1238 3187 1354 3273 fit,
1400 3185 1593 3258 afflari
1639 3203 1709 3258 et
1757 3187 1973 3262 calere
2020 3212 2235 3282 quent.
2336 3197 2533 3294 Qua.

590 3329 869 3406 propter
900 3360 926 3397 ,
1013 3307 1554 3403 Wyttenbachi!
1637 3329 1823 3382 antea
1887 3325 2085 3403 quam
2150 3300 2235 3386 ad
2298 3317 2527 3408 plures

591 3434 827 3524 abeas,
895 3437 1030 3506 hoc
1078 3455 1238 3528 age,
1299 3454 1372 3506 ut
1418 3457 1592 3508 nunc
1646 3433 1867 3508 denuo
1910 3459 1961 3508 a
2006 3459 2112 3512 me
2158 3439 2527 3534 reprehen-

579 3558 698 3656 fics
716 3607 740 3644 ,
787 3583 870 3632 ac
921 3553 1119 3652 quasi
1157 3557 1480 3630 coercitus
1500 3605 1523 3644 ,
1588 3557 1827 3632 melior
1862 3559 2201 3636 reddaris
2222 3609 2245 3645 ,
2313 3581 2387 3632 et
2458 3575 2525 3632 ut

549 3727 557 3736 -
595 3678 882 3774 adhibita
929 3679 1292 3760 medicina,
1344 3679 1731 3773 gravislimi,
1782 3679 2019 3770 quibus
2070 3699 2213 3754 tuus
2258 3677 2515 3752 laborat

593 3803 844 3872 animus
875 3845 900 3886 ,
963 3800 1186 3871 morbi
1263 3819 1595 3874 curentur.
1726 3781 1861 3874 Hie
1937 3803 2115 3879 enim
2146 3851 2171 3888 ,
2252 3821 2323 3874 ut
2376 3801 2517 3894 jam

771 3943 776 3948 ,
2424 3921 2523 3991 ω,

2216 4019 2257 4084 ²>
