2719 4895
1273 297 1509 393 (38
1606 295 1690 392 ).

419 537 426 544 -
501 499 710 591 prima
761 496 900 577 rei,
948 512 1144 583 quam
1198 491 1585 587 impugnas,
1614 492 1961 594 ‘elementa
2012 497 2277 592 cognita
2326 495 2448 568 ha·

506 619 688 690 bere.
806 613 990 686 Idem
1081 612 1216 684 dici
1301 613 1499 684 debet
1559 612 1643 684 de
1712 615 2018 710 negotio·
2047 605 2449 711 pistricium

505 737 1072 812 tabernariarum
1107 785 1132 820 ,
1203 755 1375 828 quae
1400 787 1421 814 ,
1495 733 1567 804 in
1618 731 1794 826 fiiris
1852 753 1918 805 et
1990 737 2292 830 compitis
2336 734 2453 833 se-

505 859 738 954 dentes,
757 906 780 941 ‚
855 869 1136 950 popana
1217 870 1507 948 coquunt
1587 857 1659 925 in
1748 853 2230 952 sartaginibus
2314 879 2449 932 etc.

509 977 699 1048 Tali-a
775 977 1174 1072 ignorantiae
1213 994 1435 1066 =atque
1503 953 1943 1067 impudentiae
2013 977 2315 1073 prodigia
2380 983 2451 1058 in

511 1097 698 1168 libris
737 1099 1076 1168 hominum
1123 1098 1212 1167 tui
1263 1099 1521 1190 generis
1586 1098 1943 1168 invenienti
1998 1097 2263 1171 difficile
2310 1119 2455 1187 est,

512 1215 782 1308 satyram
815 1239 948 1289 non
990 1217 1291 1288 scribere.
1366 1215 1499 1286 Sed
1526 1237 1687 1291 vero
1718 1215 2045 1289 blanditiis
2082 1219 2222 1310 ejus
2256 1237 2457 1310 atque
2502 1207 2508 1216 ’

513 1339 844 1409 illecebris
887 1361 1100 1408 meam
1149 1323 1453 1427 equidem
1508 1335 1815 1428 impediri
1864 1337 2031 1408 nolo
2082 1337 2455 1443 disputandi

515 1459 943 1531 severitatem.
1039 1457 1267 1548 Itaque
1337 1458 1544 1528 verbo
1612 1476 1859 1527 tantum
1932 1458 2192 1546 dicam,
2258 1475 2461 1555 expe·

512 1582 844 1652 rientiam
864 1631 886 1664 ,
945 1579 990 1650 fi
1039 1579 1304 1671 quidem
1359 1601 1397 1648 a
1445 1579 1803 1674 categoriis.
1856 1601 1933 1650 ea
1982 1579 2250 1672 prol-stis
2291 1602 2463 1673 pen·

517 1700 630 1770 det
661 1752 684 1786 ,
772 1721 842 1772 ut
921 1701 1050 1770 fine
1133 1703 1226 1770 eis
1305 1721 1391 1768 ne
1481 1697 1599 1771 vel.
1656 1702 1941 1796 cogitari
2007 1699 2137 1770 ulla
2202 1703 2508 1773 ratione-

518 1843 711 1912 qucat
746 1872 771 1906 ‚
857 1821 1160 1914 perverse
1245 1819 1564 1913 stulteque
1640 1843 1679 1890 a
1742 1841 1808 1891 te
1876 1824 2237 1913 comparari
2301 1844 2461 1894 cum

508 1942 798 2039 pistrice
832 1993 853 2029 ‚
938 1965 1106 2034 quae
1185 1940 1425 2039 cyatho
1487 1939 1711 2037 spatii
1770 1964 1856 2014 ac
1920 1942 2237 2035 temporis
2270 1991 2293 2022 ,
2371 1962 2461 2017 ex

526 2082 774 2136 cratere
869 2083 1083 2132 rerum
1186 2061 1571 2134 sensibilium
1608 2113 1632 2148 ,
1732 2083 2089 2154 corporeas
2190 2067 2463 2140 notitias

413 2219 418 2225 ·
522 2177 824 2254 hauriat
849 2234 870 2268 ,
943 2185 1009 2253 in
1069 2181 1322 2278 ⁸lingula
1368 2159 1747 2256 ‘duodecim
1794 2184 2310 2280 categoriarum
2362 2207 2466 2258 re·

524 2303 865 2395 ceptacula
962 2301 1285 2396 infundat
1319 2355 1342 2389 ,
1433 2322 1676 2401 coquat
1712 2356 1735 2393 ,
1822 2305 2178 2400 animoque
2259 2320 2467 2398 appo·

527 2441 674 2499 nat.
725 2464 810 2477 --
867 2421 1174 2515 Deinde,
1227 2443 1296 2496 et
1345 2428 1480 2499 hoc
1544 2427 1713 2499 male
1781 2424 2243 2518 reprehendis,
2314 2427 2469 2496 istas

532 2545 784 2619 Kantii
853 2545 1238 2639 categorias
1325 2568 1463 2617 non
1538 2542 1777 2637 justum
1860 2545 2102 2613 habere
2186 2562 2404 2615 ortum
2440 2596 2466 2635 ,

531 2685 1006 2757 numerumque
1069 2665 1541 2737 duodenarium
1610 2668 1688 2734 iis
1752 2684 2039 2749 temere,
2112 2684 2183 2733 ut
2250 2688 2468 2738 neces-

517 2784 788 2888 sarium
817 2835 842 2871 ,
915 2784 1150 2880 affingi.
1267 2785 1338 2855 In
1408 2785 1537 2877 qua
1595 2780 2007 2855 accusatione
2068 2785 2410 2875 probandi
2436 2837 2461 2873 ,

535 2906 654 2980 tibi
717 2904 1178 2978 consentaneus
1245 2906 1566 2990 manfisti,
1636 2904 1853 2973 omnia
1902 2904 2203 2976 nimirum
2248 2906 2469 2981 denuo

535 3033 818 3102 miscens
877 3048 954 3099 ac
1015 3026 1417 3119 perturbans,
1518 3014 1615 3093 Ita
1675 3025 2063 3118 categorias
2086 3078 2108 3108 .,
2178 3029 2469 3121 exempli

536 3149 722 3223 causta
753 3200 776 3235 ,
833 3148 1088 3243 (neque
1133 3146 1308 3218 enim
1357 3146 1579 3237 omnia
1603 3198 1627 3233 ,
1693 3166 1864 3237 quae
1915 3147 2045 3218 huc
2096 3150 2469 3240 pertinent,

538 3270 870 3345 recensere
917 3269 1143 3364 lubet)
1199 3260 1549 3340 confundis
1583 3288 1737 3339 cum
1774 3267 1919 3339 aliis
1950 3270 2147 3339 animi
2180 3272 2473 3341 notioni·-

541 3396 666 3466 bus
729 3394 1171 3487 principibu8‚
1243 3388 1426 3461 velut
1473 3386 1870 3489 conftientia
1902 3387 2063 3484 sui,
2130 3392 2473 3483 principio

541 3514 1079 3610 repugnantiae,
1146 3530 1302 3587 vero
1335 3500 1671 3608 falsique,
1720 3512 1883 3582 bono
1930 3524 2003 3580 et
2052 3510 2230 3613 male
2249 3560 2269 3593 ‚
2306 3511 2476 3605 pul-

541 3656 655 3709 cro
703 3657 790 3704 ac
839 3632 1076 3725 turpi,
1125 3633 1441 3723 aliisque,
1494 3632 1885 3723 quibuscum
1932 3628 2319 3725 categoriae
2366 3632 2473 3701 ni.

543 3752 640 3829 hil
707 3751 1060 3847 quidquam
1126 3754 1368 3824 habent
1429 3771 1835 3840 commune3
1902 3769 1973 3825 et
2018 3748 2324 3838 tandem,
2384 3748 2479 3823 ad

2308 3887 2475 3944 tem·
