2719 4895
1359 352 1409 451 c
1510 350 1737 489 ιο)

582 567 726 625 tum
791 568 863 623 tu
915 546 1170 621 differas
1217 548 1300 619 ab
1351 547 1707 621 immortali
1754 548 1877 623 illo
1922 553 2349 651 maximoque
2406 572 2530 636 vi·

581 694 704 755 ro,
773 664 960 760 cuius
1023 668 1185 741 olim
1237 668 1391 762 -ipse
1452 669 1678 743 laudes
1740 671 2171 767 praedicasti,
2238 676 2533 757 Das-ide

579 787 1010 873 Ruhnkem'o.
1123 784 1260 861 Hic
1327 792 1504 861 enim
1541 841 1568 877 ‚
1642 794 1938 884 quamvis
2000 796 2248 871 censeri
2314 799 2383 873 se
2448 804 2531 875 in

579 915 993 1011 principibus
1055 912 1391 987 literarum
1423 966 1447 1003 ‚
1510 916 1663 988 vera
1710 916 1803 995 sui
1850 920 2301 995 aestimatione
2325 975 2351 1013 ,
2415 928 2535 1001 in-

581 1036 915 1131 telligeret
937 1084 958 1121 ,
1023 1055 1178 1127 eum
1228 1055 1445 1109 tamen
1496 1036 1562 1107 se
1608 1034 1786 1126 csse,
1850 1060 1979 1113 nec
2025 1063 2183 1135 prae
2232 1043 2299 1115 se
2346 1044 2535 1120 fere-

577 1148 731 1244 bat,
801 1133 927 1227 nec
985 1153 1423 1228 disfimulaba't
1489 1150 1639 1247 (¹⁸¹).
1733 1154 1841 1229 Te
1902 1180 2069 1233 vero
2136 1163 2324 1255 quod
2368 1169 2536 1240 atti·

582 1296 698 1350 net
719 1328 741 1365 ‚
832 1270 1312 1371 thenbachi
1349 1276 1384 1347 ‚¹
1446 1273 1825 1367 aliquemne
1904 1300 2095 1373 putas
2181 1286 2321 1358 esse
2387 1304 2533 1361 mm

585 1416 878 1468 coecum
929 1398 1292 1487 animoque
1342 1397 1698 1484 hebetem,
1764 1402 1884 1493 qui
1933 1420 2117 1490 tuam,
2162 1424 2243 1479 ut
2286 1407 2379 1479 ita
2426 1406 2535 1482 di·

585 1534 733 1587 cam
757 1564 779 1599 ,
845 1536 1060 1609 nugas
1082 1566 1104 1603 ,
1172 1514 1356 1589 velut
1411 1516 1527 1589 has
1588 1516 1671 1589 ad
1738 1518 2129 1616 Lgyndenum
2156 1574 2185 1613 ‚
2249 1546 2363 1601 aut
2414 1550 2535 1601 eas

585 1634 672 1707 ad
710 1630 1126 1731 Bosfqhium,
1175 1654 1363 1707 tuum
1406 1650 1783 1728 meumque·
1805 1642 2233 1735 familiarem,
2276 1650 2533 1739 antiqui

584 1756 792 1827 motis
839 1774 1124 1842 eumque
1172 1754 1697 1829 eruditissimum*
1724 1763 2007 1857 Virum,
2070 1764 2357 1861 aliasque
2406 1769 2533 1841 hic

587 1874 754 1953 illic,
791 1897 829 1943 a
901 1890 964 1941 te
1035 1870 1273 1963 sparsas
1307 1924 1331 1958 ,
1403 1876 1623 1949 oeulis
1682 1901 2114 1973 percurrens,
2182 1888 2535 1957 hominem

591 2016 728 2066 non
796 1994 1120 2064 continuo
1187 1994 1405 2065 videat
1449 1996 1568 2092 fin·
1614 2000 2122 2097 plenissimum,
2188 2004 2301 2095 qui
2330 2048 2352 2083 ‚
2412 2004 2523 2069 uti

588 2114 1071 2211 elegantiorum
1141 2112 1519 2205 literarum,
1604 2122 1693 2191 ita
1758 2147 2032 2218 quoque
2092 2124 2158 2199 se
2218 2116 2535 2199 Philoso-

590 2240 788 2332 phiae
823 2240 1269 2331 principatum
1315 2256 1541 2313 tenere
1588 2243 1974 2330 arbitratus,
2021 2264 2284 2316 ceteros
2314 2240 2545 2313 homi-

589 2382 706 2430 nes
726 2410 746 2437 ,
793 2364 1093 2447 interque
1147 2379 1298 2443 eos,
1351 2359 1594 2432 doctos
1647 2364 1951 2450 variaque
2000 2360 2237 2429 rerum*
2264 2356 2547 2431 scientia

591 2498 663 2551 et
698 2477 1167 2570 philosophico
1196 2481 1443 2576 ingenii
1478 2481 1783 2558 acumine
1818 2474 2108 2550 valentes
2141 2475 2380 2564 Viros,
2432 2479 2541 2550 al-

593 2601 837 2672 tisfimo
889 2599 1236 2692 supercilio
1285 2600 1637 2692 despiciat,
1683 2617 1752 2668 et
1790 2597 2041 2670 hancce
2084 2597 2261 2670 suam
2301 2617 2541 2672 tetram

593 2720 886 2794 indolem
909 2775 930 2806 ,
997 2741 1073 2796 ut
1123 2744 1340 2794 veram
1388 2719 1587 2792 animi
1634 2725 2031 2810 morum'que
2068 2717 2348 2791 formam
2368 2771 2395 2806 ‚
2438 2723 2539 2791 ‚in

597 2846 780 2914 omni
848 2841 986 2912 fere
1055 2841 1411 2936 scriptione
1430 2893 1455 2924 ‚
1520 2859 1828 2932 tanquam
1894 2839 1960 2908 in
2004 2837 2221 2912 tabula
2240 2892 2262 2927 ‚
2312 2842 2539 2933 expri-

595 2981 731 3035 mat
791 2979 988 3051 atque
1056 2959 1369 3058 depingat
1399 2961 1435 3032 *ἒ
1506 2957 1601 3031 Et
1669 2961 1821 3048 hic,
1860 2958 1983 3061 *de
2044 2983 2183 3052 quo
2246 2959 2537 3052 loquor,

595 3085 790 3155 nimis
855 3101 1007 3152 acer
1073 3080 1280 3154 laudis
1341 3100 1543 3172 atque
1612 3080 1887 3152 honoris
1934 3101 2163 3166 amor,
2230 3079 2539 3156 Rationis

597 3205 880 3298 imperio
944 3223 1293 3295 postquam
1347 3202 1425 3273 ·se
1491 3198 1691 3272 semel
1756 3199 2132 3275 subduxerit
2162 3252 2187 3289 ‚
2253 3222 2541 3294 quomo-

601 3323 693 3398 do
729 3325 806 3413 ‚⁸
835 3342 1068 3398 noctes
1147 3323 1417 3416 diesque
1488 3325 1777 3395 animum
1848 3323 2207 3396 humanum
2284 3321 2541 3420 gloriae

608 3607 2534 3646 w

685 3721 794 3808 (⁶)
839 3725 981 3786 Sunt
1034 3727 1206 3789 verba
1257 3721 1724 3803 Wesenbaechtt,
1779 3705 1837 3786 ln
1892 3724 2017 3788 vita
2052 3723 2309 3788 Das-taes
2343 3719 2538 3825 Ruhn-

602 3827 754 3892 tenu
769 3871 789 3904 ,
827 3845 893 3906 p.
929 3841 1072 3908 245.
1884 3872 1895 3885 .
