2719 4895
1340 379 1836 506 ‚(78)

2714 93 2718 120 .

2 576 47 653 ‚t
690 579 1024 654 literarum
1074 593 1380 662 omnem,
1425 595 1781 667 earumque
1825 575 2164 669 propriam
2215 598 2294 650 ac
2340 573 2594 650 nativam

692 700 1141 798 praestantiam
1182 747 1206 784 ‚
1288 717 1359 768 et
1423 695 1505 768 ad
1569 699 1908 768 hominum
1975 700 2236 771 animos
2301 702 2596 772 vitiorum

692 823 877 895 faece
948 815 1376 910 sordibusque
1443 815 1901 915 expurgandos
1965 819 2322 894 efficaciam
2352 873 2378 912 ,
2437 839 2596 892 recte

688 941 983 1014 nondum
1050 943 1446 1034 percepisti:
1515 959 1621 1025 et,
1687 959 1876 1026 cum,
1942 940 2010 1011 in
2058 941 2358 1017 universa
2405 961 2594 1016 rerum

690 1061 958 1146 natura,
1007 1061 1160 1150 illa,
1210 1061 1337 1154 qua
1385 1081 1455 1132 tu
1495 1059 1726 1146 ἐπες,
1775 1059 2110 1149 bonitate.
2179 1083 2372 1136 verae
2418 1065 2598 1134 virtu·

694 1184 779 1252 tis
848 1179 1034 1253 fonte
1072 1233 1093 1264 ,
1184 1179 1347 1254 nihil
1413 1181 1488 1254 fit
1553 1181 1848 1276 pulcrius
1879 1233 1902 1270 ‚
1988 1181 2155 1254 nihil
2223 1175 2595 1280 elegantius,
2700 1176 2710 1196 “

690 1325 804 1376 aut
866 1305 1240 1386 venustiuS‚
1311 1321 1578 1374 omnem
1650 1301 1819 1374 adeo
1887 1299 2346 1396 pulcritudinis
2418 1305 2600 1376 ambi·

692 1443 835 1498 turn
856 1477 879 1511 ‚
926 1422 1419 1516 universamque
1467 1426 1820 1496 venustatis
1869 1440 2160 1496 naturam
2199 1427 2418 1499 animo
2450 1445 2596 1496 non-

696 1543 853 1618 dum
896 1565 1011 1616 tuo
1046 1543 1622 1638 comprehendisti.
1678 1543 1839 1616 Uno
1865 1543 2074 1618 verbo
2095 1595 2117 1632 ‚
2141 1543 2424 1620 nondum
2463 1566 2604 1621 vere

696 1663 937 1738 doctus
984 1687 1066 1736 ac
1115 1665 1410 1738 literatus
1457 1687 1574 1753 es3
1644 1683 1756 1752 et,
1827 1663 2124 1757 quamvis
2171 1666 2473 1762 elegantis
2518 1665 2602 1734 vir

694 1787 989 1882 ingenii,
1034 1785 1386 1879 pulcrique
1431 1785 1645 1856 bonus
1681 1787 2126 1872 existimator,
2163 1782 2607 1877 elegantiarum

696 1923 917 1976 tamen
952 1927 1032 1975 ac
1065 1903 1525 1997 pulcritudinis
1559 1904 1740 1975 sensu
1787 1905 1959 1976 haud
2011 1923 2136 1978 tam
2187 1902 2320 1973 acri
2357 1919 2611 1987 tamque

696 2025 1003 2119 perfecto
1022 2024 1239 2128 polles
1256 2075 1282 2112 ‚
1318 2029 1475 2117 quin
1499 2043 1652 2096 cum
1689 2023 1982 2096 universe
1998 2076 2019 2110 ,
2039 2035 2177 2094 tum
2200 2023 2266 2094 in
2285 2021 2376 2090 eis
2390 2021 2606 2102 etiam,

692 2167 855 2238 quas
902 2145 1263 2240 profitere,
1322 2142 1831 2240 elegantioribus
1871 2145 2073 2216 literis
2109 2143 2386 2216 multum
2421 2137 2613 2233 pluri·

688 2286 1006 2360 mumque
1036 2264 1362 2358 proficere
1397 2265 1624 2358 posfiS.
1663 2263 1809 2334 Iino
1843 2285 2002 2336 vero
2039 2267 2448 2358 praecipuam
2477 2257 2610 2353 pul·

692 2385 1053 2479 critudinis‘
1082 2405 1331 2477 partem
1367 2383 1666 2455 nondum
1701 2384 2001 2479 attigisti.
2047 2381 2415 2480 Quomodo
2451 2385 2606 2455 enim

694 2508 803 2591 ia,
838 2508 954 2595 qui
1004 2501 1239 2583 humili
1286 2498 1666 2593 abjectaque
1711 2524 1972 2589 mente,
2013 2506 2102 2577 sui
2147 2504 2424 2599 plenus,
2467 2500 2610 2595 inju-

658 2624 945 2711 *riosuffi
996 2644 1063 2694 et
1112 2623 1544 2695 calumniator
1590 2624 1947 2726 est‚ipsarn
1995 2626 2400 2719 illam‚quae
2448 2626 2606 2695 bono

698 2750 987 2819 honesto
1054 2746 1273 2829 inest,
1342 2762 1747 2815 venustatem
1819 2768 1897 2815 ac
1946 2748 2449 2838 pulcritudinem
2493 2744 2607 2813 ani·

700 2889 817 2939 mo
867 2868 1162 2958 ceperit,
1232 2864 1475 2935 nedum
1543 2868 1967 2961 perceperit?
2035 2866 2142 2937 Ad
2207 2867 2392 2939 illum
2439 2864 2608 2961 igitur

700 2986 995 3061 nondum
1080 2989 1423 3078 perrexisti
1505 2986 1863 3059 altitudinis
1941 2984 2431 3079 divinitatisque
2495 2982 2626 3053 sen··

700 3109 883 3193 sum,
944 3126 1082 3199 quo
1150 3104 1392 3178 doctus
1461 3128 1663 3180 nemo
1725 3106 2192 3200 literatusque,
2243 3112 2360 3183 nifi
2407 3108 2514 3201 qui
2556 3100 2612 3171 fi·

700 3225 841 3303 mul
890 3249 1047 3299 vere
1094 3224 1309 3299 bonus
1358 3228 1471 3315 fit,
1534 3226 1724 3300 afflari
1773 3249 1840 3299 et
1885 3230 2098 3301 calere
2146 3250 2369 3322 queat.
2461 3224 2614 3321 Qua·

698 3372 978 3445 propter
1010 3402 1049 3443 ‚„
1113 3346 1594 3443 Wsvttenbacbl
1627 3350 1660 3421 Ι
1745 3372 1932 3423 antea
2001 3372 2197 3443 quam
2269 3350 2351 3422 ad
2429 3346 2619 3442 plures

705 3472 953 3557 abeaS‚-
1008 3460 1144 3543 hoc
1196 3490 1363 3566 age,
1429 3490 1502 3541 ut
1555 3492 1734 3546 nunc
1787 3472 2006 3543 denuo
2055 3492 2106 3543 a
2145 3494 2248 3542 me
2296 3464 2624 3567 reprehen-

688 3588 808 3687 sus
872 3576 958 3663 ar:
1027 3587 1226 3687 quasi
1284 3592 1614 3665 coercitus
1633 3645 1654 3678 ‚
1728 3594 1971 3665 melior
2035 3593 2402 3673 reddaris,
2465 3604 2530 3657 et
2567 3596 2620 3649 ut

702 3710 991 3784 adhibita
1034 3710 1400 3795 medicina„
1467 3716 1864 3809 gravissimi,
1915 3715 2156 3805 quibus
2201 3736 2356 3789 tuus
2404 3708 2624 3780 laborat
2690 3760 2703 3860 1

698 3834 959 3906 enimus
990 3852 1051 3921 ,·
1095 3834 1316 3905 morbi
1399 3851 1731 3909 curentur.
1865 3830 2003 3906 Hic
2091 3837 2313 3925 enim,
2395 3854 2469 3906 ut
2517 3822 2628 3922 jam
2700 3863 2702 3874 =

2099 3958 2105 3967 ’
2551 3948 2628 4016 ifl-
2697 3964 2704 3992 Δ.

2702 4074 2708 4173 a
