<?xml version="1.0" encoding="UTF-8"?>
<!DOCTYPE html PUBLIC "-//W3C//DTD XHTML 1.0 Transitional//EN"
    "http://www.w3.org/TR/xhtml1/DTD/xhtml1-transitional.dtd">
<html xmlns="http://www.w3.org/1999/xhtml" xml:lang="en" lang="en">
 <head>
  <title>
</title>
<meta http-equiv="Content-Type" content="text/html;charset=utf-8" />
  <meta name='ocr-system' content='tesseract 3.04.00' />
  <meta name='ocr-capabilities' content='ocr_page ocr_carea ocr_par ocr_line ocrx_word'/>
</head>
<body>
  <div class='ocr_page' id='page_1' title='image "./triasepistolaru00hemegoog_0083.png"; bbox 0 0 2719 4895; ppageno 0'>
   <div class='ocr_carea' id='block_1_1' title="bbox 1007 263 1383 370">
    <p class='ocr_par' dir='ltr' id='par_1_1' title="bbox 1007 263 1383 370">
     <span class='ocr_line' id='line_1_1' title="bbox 1007 263 1383 370; baseline -0.005 -6"><span class='ocrx_word' id='word_1_1' title='bbox 1007 263 1383 370; x_wconf 72' lang='lat'>(77)</span> 
     </span>
    </p>
   </div>
   <div class='ocr_carea' id='block_1_2' title="bbox 207 443 2155 1410">
    <p class='ocr_par' dir='ltr' id='par_1_2' title="bbox 207 443 2155 1410">
     <span class='ocr_line' id='line_1_2' title="bbox 213 443 2149 579; baseline -0.014 -24"><span class='ocrx_word' id='word_1_2' title='bbox 213 443 755 579; x_wconf 29' lang='lat' dir='ltr'>preheniionem&#39;,</span> <span class='ocrx_word' id='word_1_3' title='bbox 809 465 1078 566; x_wconf 79' lang='lat' dir='ltr'><strong>perinde</strong></span> <span class='ocrx_word' id='word_1_4' title='bbox 1147 487 1223 536; x_wconf 85' lang='lat' dir='ltr'>ac</span> <span class='ocrx_word' id='word_1_5' title='bbox 1269 465 1311 534; x_wconf 87' lang='lat' dir='ltr'>fi</span> <span class='ocrx_word' id='word_1_6' title='bbox 1362 464 1528 534; x_wconf 81' lang='lat' dir='ltr'>haec</span> <span class='ocrx_word' id='word_1_7' title='bbox 1576 462 1805 556; x_wconf 63' lang='lat' dir='ltr'>iniuria</span> <span class='ocrx_word' id='word_1_8' title='bbox 1852 465 2017 548; x_wconf 58' lang='lat' dir='ltr'>esset</span> <span class='ocrx_word' id='word_1_9' title='bbox 2066 477 2149 538; x_wconf 67' lang='lat' dir='ltr'>ex</span> 
     </span>
     <span class='ocr_line' id='line_1_3' title="bbox 207 585 2147 690; baseline -0.01 -16"><span class='ocrx_word' id='word_1_10' title='bbox 207 599 758 674; x_wconf 64' lang='lat' dir='ltr'>affecisfitnarum</span> <span class='ocrx_word' id='word_1_11' title='bbox 823 609 1108 690; x_wconf 86' lang='lat' dir='ltr'>genere,</span> <span class='ocrx_word' id='word_1_12' title='bbox 1183 587 1605 656; x_wconf 77' lang='lat' dir='ltr'>vehementer</span> <span class='ocrx_word' id='word_1_13' title='bbox 1670 585 2147 670; x_wconf 79' lang='lat' dir='ltr'>stomachatus,</span> 
     </span>
     <span class='ocr_line' id='line_1_4' title="bbox 207 707 2153 813; baseline -0.008 -21"><span class='ocrx_word' id='word_1_14' title='bbox 207 742 328 810; x_wconf 87' lang='lat' dir='ltr'>et,</span> <span class='ocrx_word' id='word_1_15' title='bbox 378 723 720 813; x_wconf 65' lang='grc' dir='ltr'>χαλεποῖς</span> <span class='ocrx_word' id='word_1_16' title='bbox 763 712 970 808; x_wconf 69' lang='grc' dir='ltr'>α’ςγαὶς</span> <span class='ocrx_word' id='word_1_17' title='bbox 1013 707 1525 795; x_wconf 66' lang='grc' dir='ltr'>μετωθαίλλων,</span> <span class='ocrx_word' id='word_1_18' title='bbox 1575 725 1811 776; x_wconf 82' lang='lat' dir='ltr'>novem</span> <span class='ocrx_word' id='word_1_19' title='bbox 1864 707 2153 778; x_wconf 64' lang='lat' dir='ltr'>feteam</span> 
     </span>
     <span class='ocr_line' id='line_1_5' title="bbox 209 825 2150 912; baseline -0.008 0"><span class='ocrx_word' id='word_1_20' title='bbox 209 860 350 912; x_wconf 86' lang='lat' dir='ltr'>nos</span> <span class='ocrx_word' id='word_1_21' title='bbox 413 835 736 907; x_wconf 87' lang='lat' dir='ltr'>ultionem</span> <span class='ocrx_word' id='word_1_22' title='bbox 807 829 1148 902; x_wconf 78' lang='lat' dir='ltr'>meditatus</span> <span class='ocrx_word' id='word_1_23' title='bbox 1192 825 1553 898; x_wconf 81' lang='lat' dir='ltr'>vilisfimam</span> <span class='ocrx_word' id='word_1_24' title='bbox 1579 880 1599 906; x_wconf 84' lang='lat'>,</span> <span class='ocrx_word' id='word_1_25' title='bbox 1648 829 1967 900; x_wconf 85' lang='lat' dir='ltr'>acerrimo</span> <span class='ocrx_word' id='word_1_26' title='bbox 2014 848 2150 898; x_wconf 82' lang='lat' dir='ltr'>tan-</span> 
     </span>
     <span class='ocr_line' id='line_1_6' title="bbox 215 943 2151 1042; baseline -0.007 -14"><span class='ocrx_word' id='word_1_27' title='bbox 215 958 376 1028; x_wconf 87' lang='lat' dir='ltr'>dem</span> <span class='ocrx_word' id='word_1_28' title='bbox 430 954 751 1026; x_wconf 80' lang='lat' dir='ltr'>vindictae</span> <span class='ocrx_word' id='word_1_29' title='bbox 801 945 1050 1032; x_wconf 80' lang='lat' dir='ltr'>stadie,</span> <span class='ocrx_word' id='word_1_30' title='bbox 1121 967 1256 1036; x_wconf 92' lang='lat' dir='ltr'>quo</span> <span class='ocrx_word' id='word_1_31' title='bbox 1307 965 1484 1018; x_wconf 89' lang='lat' dir='ltr'>totus</span> <span class='ocrx_word' id='word_1_32' title='bbox 1532 943 1793 1042; x_wconf 82' lang='lat' dir='ltr'>flagras,</span> <span class='ocrx_word' id='word_1_33' title='bbox 1870 947 2151 1038; x_wconf 48' lang='lat' dir='ltr'>turpisfit·</span> 
     </span>
     <span class='ocr_line' id='line_1_7' title="bbox 221 1065 2155 1164; baseline -0.007 -16"><span class='ocrx_word' id='word_1_34' title='bbox 221 1097 419 1148; x_wconf 85' lang='lat' dir='ltr'>mum</span> <span class='ocrx_word' id='word_1_35' title='bbox 470 1076 537 1141; x_wconf 90' lang='lat' dir='ltr'>in</span> <span class='ocrx_word' id='word_1_36' title='bbox 585 1067 893 1150; x_wconf 85' lang='lat' dir='ltr'>modum,</span> <span class='ocrx_word' id='word_1_37' title='bbox 965 1066 1033 1164; x_wconf 72' lang='grc' dir='ltr'><em>ἰᾴ</em></span> <span class='ocrx_word' id='word_1_38' title='bbox 1079 1087 1216 1138; x_wconf 84' lang='lat' dir='ltr'>est.</span> <span class='ocrx_word' id='word_1_39' title='bbox 1289 1065 1680 1150; x_wconf 75' lang='lat' dir='ltr'>mendaciis,</span> <span class='ocrx_word' id='word_1_40' title='bbox 1731 1065 2155 1138; x_wconf 81' lang='lat' dir='ltr'>obtrectatio-</span> 
     </span>
     <span class='ocr_line' id='line_1_8' title="bbox 225 1181 2151 1280; baseline -0.005 -14"><span class='ocrx_word' id='word_1_41' title='bbox 225 1197 472 1277; x_wconf 80' lang='lat' dir='ltr'>nibnS,</span> <span class='ocrx_word' id='word_1_42' title='bbox 541 1181 1004 1280; x_wconf 71' lang='lat' dir='ltr'>calumniisque</span> <span class='ocrx_word' id='word_1_43' title='bbox 1071 1186 1356 1278; x_wconf 89' lang='lat' dir='ltr'>undique</span> <span class='ocrx_word' id='word_1_44' title='bbox 1422 1185 1842 1278; x_wconf 82' lang='lat' dir='ltr'>conquifitis‚</span> <span class='ocrx_word' id='word_1_45' title='bbox 1892 1185 2151 1258; x_wconf 84' lang='lat' dir='ltr'>obtem-</span> 
     </span>
     <span class='ocr_line' id='line_1_9' title="bbox 224 1307 2153 1410; baseline -0.001 -25"><span class='ocrx_word' id='word_1_46' title='bbox 224 1333 499 1410; x_wconf 86' lang='lat' dir='ltr'>perare,</span> <span class='ocrx_word' id='word_1_47' title='bbox 537 1331 606 1381; x_wconf 88' lang='lat' dir='ltr'>et</span> <span class='ocrx_word' id='word_1_48' title='bbox 652 1329 966 1401; x_wconf 82' lang='lat' dir='ltr'>quantum</span> <span class='ocrx_word' id='word_1_49' title='bbox 1017 1308 1162 1378; x_wconf 81' lang='lat' dir='ltr'>fieri</span> <span class='ocrx_word' id='word_1_50' title='bbox 1211 1328 1471 1400; x_wconf 89' lang='lat' dir='ltr'>potest,</span> <span class='ocrx_word' id='word_1_51' title='bbox 1512 1307 1881 1382; x_wconf 73' lang='lat' dir='ltr'>satisfacere</span> <span class='ocrx_word' id='word_1_52' title='bbox 1908 1311 2153 1406; x_wconf 79' lang='lat' dir='ltr'>gestis!</span> 
     </span>
    </p>
   </div>
   <div class='ocr_carea' id='block_1_3' title="bbox 236 1527 2285 3897">
    <p class='ocr_par' dir='ltr' id='par_1_3' title="bbox 236 1527 2285 3805">
     <span class='ocr_line' id='line_1_10' title="bbox 340 1527 2156 1650; baseline -0.001 -23"><span class='ocrx_word' id='word_1_53' title='bbox 340 1553 681 1629; x_wconf 77' lang='lat' dir='ltr'>Hunccine</span> <span class='ocrx_word' id='word_1_54' title='bbox 760 1557 957 1650; x_wconf 82' lang='lat' dir='ltr'>igitur</span> <span class='ocrx_word' id='word_1_55' title='bbox 1021 1527 1350 1624; x_wconf 70' lang='lat' dir='ltr'>literarum</span> <span class='ocrx_word' id='word_1_56' title='bbox 1392 1601 1416 1635; x_wconf 91' lang='lat'>,</span> <span class='ocrx_word' id='word_1_57' title='bbox 1501 1571 1658 1642; x_wconf 86' lang='lat' dir='ltr'>quas</span> <span class='ocrx_word' id='word_1_58' title='bbox 1726 1549 2156 1626; x_wconf 76' lang='lat' dir='ltr'><em>humaniores</em></span> 
     </span>
     <span class='ocr_line' id='line_1_11' title="bbox 237 1669 2159 1759; baseline -0.003 -10"><span class='ocrx_word' id='word_1_59' title='bbox 237 1696 534 1759; x_wconf 79' lang='lat' dir='ltr'>vocant,</span> <span class='ocrx_word' id='word_1_60' title='bbox 604 1677 792 1756; x_wconf 84' lang='lat' dir='ltr'>vim,</span> <span class='ocrx_word' id='word_1_61' title='bbox 863 1675 1189 1746; x_wconf 79' lang='lat' dir='ltr'>hunccine</span> <span class='ocrx_word' id='word_1_62' title='bbox 1255 1669 1546 1742; x_wconf 82' lang='lat' dir='ltr'>fructum</span> <span class='ocrx_word' id='word_1_63' title='bbox 1608 1669 1741 1742; x_wconf 79' lang='lat' dir='ltr'>esse</span> <span class='ocrx_word' id='word_1_64' title='bbox 1808 1673 2103 1746; x_wconf 84' lang='lat' dir='ltr'>dicemus</span> <span class='ocrx_word' id='word_1_65' title='bbox 2132 1719 2159 1758; x_wconf 78' lang='lat'><strong>,</strong></span> 
     </span>
     <span class='ocr_line' id='line_1_12' title="bbox 241 1789 2160 1882; baseline -0.002 -16"><span class='ocrx_word' id='word_1_66' title='bbox 241 1815 316 1866; x_wconf 89' lang='lat' dir='ltr'>ut</span> <span class='ocrx_word' id='word_1_67' title='bbox 351 1843 378 1880; x_wconf 92' lang='lat'>‚</span> <span class='ocrx_word' id='word_1_68' title='bbox 441 1799 506 1866; x_wconf 89' lang='lat' dir='ltr'>in</span> <span class='ocrx_word' id='word_1_69' title='bbox 555 1797 632 1864; x_wconf 89' lang='lat' dir='ltr'>iis</span> <span class='ocrx_word' id='word_1_70' title='bbox 677 1795 870 1864; x_wconf 84' lang='lat' dir='ltr'>etiam</span> <span class='ocrx_word' id='word_1_71' title='bbox 922 1793 1236 1862; x_wconf 82' lang='lat' dir='ltr'>aetatibus</span> <span class='ocrx_word' id='word_1_72' title='bbox 1273 1843 1293 1872; x_wconf 91' lang='lat'>‚</span> <span class='ocrx_word' id='word_1_73' title='bbox 1344 1811 1511 1880; x_wconf 80' lang='lat' dir='ltr'>quae</span> <span class='ocrx_word' id='word_1_74' title='bbox 1550 1792 1679 1882; x_wconf 72' lang='lat' dir='ltr'>jam</span> <span class='ocrx_word' id='word_1_75' title='bbox 1730 1791 1871 1862; x_wconf 86' lang='lat' dir='ltr'>sunt</span> <span class='ocrx_word' id='word_1_76' title='bbox 1922 1789 2160 1862; x_wconf 79' lang='lat' dir='ltr'>confit-</span> 
     </span>
     <span class='ocr_line' id='line_1_13' title="bbox 249 1908 2159 2000; baseline -0.001 -19"><span class='ocrx_word' id='word_1_77' title='bbox 249 1931 496 1992; x_wconf 82' lang='lat' dir='ltr'>matae,</span> <span class='ocrx_word' id='word_1_78' title='bbox 555 1917 714 2000; x_wconf 72' lang='lat' dir='ltr'>quin</span> <span class='ocrx_word' id='word_1_79' title='bbox 761 1915 828 1978; x_wconf 90' lang='lat' dir='ltr'>in</span> <span class='ocrx_word' id='word_1_80' title='bbox 875 1909 1010 1999; x_wconf 62' lang='lat' dir='ltr'>ipsi</span> <span class='ocrx_word' id='word_1_81' title='bbox 1059 1909 1431 1992; x_wconf 77' lang='lat' dir='ltr'>senectute,</span> <span class='ocrx_word' id='word_1_82' title='bbox 1482 1908 1813 1981; x_wconf 80' lang='lat' dir='ltr'>hominem</span> <span class='ocrx_word' id='word_1_83' title='bbox 1872 1913 1965 1981; x_wconf 91' lang='lat' dir='ltr'>eis</span> <span class='ocrx_word' id='word_1_84' title='bbox 2015 1916 2159 1982; x_wconf 83' lang='lat' dir='ltr'>lite-</span> 
     </span>
     <span class='ocr_line' id='line_1_14' title="bbox 261 2025 2167 2116; baseline 0.003 -24"><span class='ocrx_word' id='word_1_85' title='bbox 261 2027 354 2093; x_wconf 83' lang='lat' dir='ltr'>ris</span> <span class='ocrx_word' id='word_1_86' title='bbox 419 2027 777 2106; x_wconf 82' lang='lat' dir='ltr'>imbutum,</span> <span class='ocrx_word' id='word_1_87' title='bbox 847 2025 1114 2094; x_wconf 82' lang='lat' dir='ltr'>reddant</span> <span class='ocrx_word' id='word_1_88' title='bbox 1185 2027 1278 2094; x_wconf 76' lang='lat' dir='ltr'>sui</span> <span class='ocrx_word' id='word_1_89' title='bbox 1343 2025 1653 2114; x_wconf 83' lang='lat' dir='ltr'>plenum,</span> <span class='ocrx_word' id='word_1_90' title='bbox 1724 2028 2167 2116; x_wconf 78' lang='lat' dir='ltr'>malevolum,</span> 
     </span>
     <span class='ocr_line' id='line_1_15' title="bbox 263 2139 2171 2234; baseline 0.001 -20"><span class='ocrx_word' id='word_1_91' title='bbox 263 2141 655 2234; x_wconf 84' lang='lat' dir='ltr'>superbum,</span> <span class='ocrx_word' id='word_1_92' title='bbox 721 2139 1184 2232; x_wconf 78' lang='lat' dir='ltr'>imperiosum,</span> <span class='ocrx_word' id='word_1_93' title='bbox 1251 2143 1629 2214; x_wconf 86' lang='lat' dir='ltr'>insolentem</span> <span class='ocrx_word' id='word_1_94' title='bbox 1662 2190 1686 2228; x_wconf 84' lang='lat'>‚</span> <span class='ocrx_word' id='word_1_95' title='bbox 1738 2143 2171 2230; x_wconf 81' lang='lat' dir='ltr'>maledicum.</span> 
     </span>
     <span class='ocr_line' id='line_1_16' title="bbox 244 2257 2172 2353; baseline 0.004 -19"><span class='ocrx_word' id='word_1_96' title='bbox 244 2263 679 2351; x_wconf 83' lang='lat' dir='ltr'>iracundum,</span> <span class='ocrx_word' id='word_1_97' title='bbox 725 2257 1146 2353; x_wconf 77' lang='lat' dir='ltr'>injuriosum,</span> <span class='ocrx_word' id='word_1_98' title='bbox 1200 2259 1609 2348; x_wconf 82' lang='lat' dir='ltr'>maleficum,</span> <span class='ocrx_word' id='word_1_99' title='bbox 1662 2261 1997 2338; x_wconf 69' lang='lat' dir='ltr'>infiniabtli</span> <span class='ocrx_word' id='word_1_100' title='bbox 2038 2284 2172 2341; x_wconf 78' lang='lat' dir='ltr'>tan.-</span> 
     </span>
     <span class='ocr_line' id='line_1_17' title="bbox 244 2380 2170 2491; baseline 0.001 -32"><span class='ocrx_word' id='word_1_101' title='bbox 244 2385 394 2459; x_wconf 87' lang='lat' dir='ltr'>dem</span> <span class='ocrx_word' id='word_1_102' title='bbox 483 2383 808 2457; x_wconf 78' lang='lat' dir='ltr'>vindictae</span> <span class='ocrx_word' id='word_1_103' title='bbox 894 2380 1252 2474; x_wconf 82' lang='lat' dir='ltr'>cupiditate</span> <span class='ocrx_word' id='word_1_104' title='bbox 1331 2387 1794 2464; x_wconf 73' lang='lat' dir='ltr'>aestuantem?</span> <span class='ocrx_word' id='word_1_105' title='bbox 1900 2387 2018 2459; x_wconf 80' lang='lat' dir='ltr'>Vei</span> <span class='ocrx_word' id='word_1_106' title='bbox 2049 2478 2063 2491; x_wconf 89' lang='lat'>..</span> <span class='ocrx_word' id='word_1_107' title='bbox 2089 2409 2170 2489; x_wconf 70' lang='lat' dir='ltr'>au</span> 
     </span>
     <span class='ocr_line' id='line_1_18' title="bbox 236 2502 2285 2603; baseline 0 -23"><span class='ocrx_word' id='word_1_108' title='bbox 236 2510 488 2603; x_wconf 85' lang='lat' dir='ltr'>exiguo</span> <span class='ocrx_word' id='word_1_109' title='bbox 553 2508 774 2600; x_wconf 87' lang='lat' dir='ltr'>potius</span> <span class='ocrx_word' id='word_1_110' title='bbox 827 2525 890 2576; x_wconf 89' lang='lat' dir='ltr'>te</span> <span class='ocrx_word' id='word_1_111' title='bbox 939 2502 1204 2576; x_wconf 83' lang='lat' dir='ltr'>illorum</span> <span class='ocrx_word' id='word_1_112' title='bbox 1257 2528 1537 2577; x_wconf 88' lang='lat' dir='ltr'>numero</span> <span class='ocrx_word' id='word_1_113' title='bbox 1586 2511 1985 2595; x_wconf 80' lang='lat' dir='ltr'>eximemuS‚</span> <span class='ocrx_word' id='word_1_114' title='bbox 2056 2514 2169 2601; x_wconf 88' lang='lat' dir='ltr'>qui</span> <span class='ocrx_word' id='word_1_115' title='bbox 2282 2520 2285 2525; x_wconf 82' lang='grc'><strong>’</strong></span> 
     </span>
     <span class='ocr_line' id='line_1_19' title="bbox 241 2610 2173 2725; baseline 0.001 -26"><span class='ocrx_word' id='word_1_116' title='bbox 241 2628 576 2700; x_wconf 83' lang='lat' dir='ltr'>lite-rarum</span> <span class='ocrx_word' id='word_1_117' title='bbox 635 2632 764 2699; x_wconf 87' lang='lat' dir='ltr'>vim</span> <span class='ocrx_word' id='word_1_118' title='bbox 815 2610 1028 2719; x_wconf 68' lang='lat' dir='ltr'>prope</span> <span class='ocrx_word' id='word_1_119' title='bbox 1079 2626 1406 2713; x_wconf 82' lang='lat' dir='ltr'>divinam,</span> <span class='ocrx_word' id='word_1_120' title='bbox 1474 2648 1829 2719; x_wconf 80' lang='lat' dir='ltr'>earumque</span> <span class='ocrx_word' id='word_1_121' title='bbox 1882 2632 2173 2725; x_wconf 75' lang='lat' dir='ltr'>majesta-</span> 
     </span>
     <span class='ocr_line' id='line_1_20' title="bbox 244 2748 2171 2843; baseline 0.001 -22"><span class='ocrx_word' id='word_1_122' title='bbox 244 2770 380 2821; x_wconf 87' lang='lat' dir='ltr'>tem</span> <span class='ocrx_word' id='word_1_123' title='bbox 433 2748 572 2819; x_wconf 88' lang='lat' dir='ltr'>fere</span> <span class='ocrx_word' id='word_1_124' title='bbox 617 2748 1114 2835; x_wconf 84' lang='lat' dir='ltr'>incredibilem,</span> <span class='ocrx_word' id='word_1_125' title='bbox 1183 2768 1367 2819; x_wconf 88' lang='lat' dir='ltr'>recte</span> <span class='ocrx_word' id='word_1_126' title='bbox 1419 2751 1904 2843; x_wconf 77' lang='lat' dir='ltr'>perceperint?</span> <span class='ocrx_word' id='word_1_127' title='bbox 2006 2750 2171 2822; x_wconf 78' lang='lat' dir='ltr'>Non</span> 
     </span>
     <span class='ocr_line' id='line_1_21' title="bbox 251 2864 2173 2965; baseline 0.004 -30"><span class='ocrx_word' id='word_1_128' title='bbox 251 2869 427 2937; x_wconf 85' lang='lat' dir='ltr'>enim</span> <span class='ocrx_word' id='word_1_129' title='bbox 477 2869 776 2943; x_wconf 86' lang='lat' dir='ltr'>omnibus</span> <span class='ocrx_word' id='word_1_130' title='bbox 824 2870 958 2939; x_wconf 91' lang='lat' dir='ltr'>hoc</span> <span class='ocrx_word' id='word_1_131' title='bbox 1007 2868 1228 2940; x_wconf 83' lang='lat' dir='ltr'>lumen</span> <span class='ocrx_word' id='word_1_132' title='bbox 1277 2864 1549 2939; x_wconf 82' lang='lat' dir='ltr'>literatis</span> <span class='ocrx_word' id='word_1_133' title='bbox 1596 2890 1883 2963; x_wconf 81' lang='lat' dir='ltr'>apparet.</span> <span class='ocrx_word' id='word_1_134' title='bbox 1986 2870 2173 2965; x_wconf 83' lang='lat' dir='ltr'>Quid</span> 
     </span>
     <span class='ocr_line' id='line_1_22' title="bbox 245 2980 2173 3085; baseline 0.004 -31"><span class='ocrx_word' id='word_1_135' title='bbox 245 2980 473 3077; x_wconf 73' lang='lat' dir='ltr'>ergo?</span> <span class='ocrx_word' id='word_1_136' title='bbox 537 3002 680 3052; x_wconf 82' lang='lat' dir='ltr'>nam</span> <span class='ocrx_word' id='word_1_137' title='bbox 748 2986 1118 3061; x_wconf 86' lang='lat' dir='ltr'>alterutrum</span> <span class='ocrx_word' id='word_1_138' title='bbox 1171 2990 1495 3085; x_wconf 74' lang='lat' dir='ltr'>eligamus</span> <span class='ocrx_word' id='word_1_139' title='bbox 1538 2998 1795 3076; x_wconf 69' lang='lat' dir='ltr'>necesse</span> <span class='ocrx_word' id='word_1_140' title='bbox 1847 3012 1967 3078; x_wconf 72' lang='lat' dir='ltr'>est.</span> <span class='ocrx_word' id='word_1_141' title='bbox 2068 2992 2173 3061; x_wconf 85' lang='lat' dir='ltr'>Te</span> 
     </span>
     <span class='ocr_line' id='line_1_23' title="bbox 249 3100 2213 3205; baseline 0.004 -29"><span class='ocrx_word' id='word_1_142' title='bbox 249 3120 437 3177; x_wconf 87' lang='lat' dir='ltr'>certe</span> <span class='ocrx_word' id='word_1_143' title='bbox 513 3119 708 3189; x_wconf 80' lang='lat' dir='ltr'>quarn</span> <span class='ocrx_word' id='word_1_144' title='bbox 785 3100 994 3173; x_wconf 84' lang='lat' dir='ltr'>literas</span> <span class='ocrx_word' id='word_1_145' title='bbox 1051 3108 1352 3179; x_wconf 65' lang='lat' dir='ltr'>accusare</span> <span class='ocrx_word' id='word_1_146' title='bbox 1420 3130 1751 3203; x_wconf 83' lang='lat' dir='ltr'>praestat:</span> <span class='ocrx_word' id='word_1_147' title='bbox 1821 3134 1906 3183; x_wconf 88' lang='lat' dir='ltr'>ne</span> <span class='ocrx_word' id='word_1_148' title='bbox 1974 3110 2213 3205; x_wconf 75' lang='lat' dir='ltr'>ipsum·</span> 
     </span>
     <span class='ocr_line' id='line_1_24' title="bbox 241 3206 2181 3322; baseline 0.002 -24"><span class='ocrx_word' id='word_1_149' title='bbox 241 3222 452 3298; x_wconf 82' lang='lat' dir='ltr'>veluti</span> <span class='ocrx_word' id='word_1_150' title='bbox 489 3218 844 3291; x_wconf 83' lang='lat' dir='ltr'>Rationem</span> <span class='ocrx_word' id='word_1_151' title='bbox 894 3214 1192 3295; x_wconf 72' lang='lat' dir='ltr'>accusare</span> <span class='ocrx_word' id='word_1_152' title='bbox 1240 3206 1571 3301; x_wconf 68' lang='lat' dir='ltr'>videumur</span> <span class='ocrx_word' id='word_1_153' title='bbox 1592 3278 1615 3315; x_wconf 92' lang='lat'>,</span> <span class='ocrx_word' id='word_1_154' title='bbox 1664 3253 1905 3322; x_wconf 77' lang='lat' dir='ltr'>eaque,</span> <span class='ocrx_word' id='word_1_155' title='bbox 1959 3252 2031 3301; x_wconf 88' lang='lat' dir='ltr'>ut</span> <span class='ocrx_word' id='word_1_156' title='bbox 2066 3254 2181 3301; x_wconf 75' lang='lat' dir='ltr'>ve·</span> 
     </span>
     <span class='ocr_line' id='line_1_25' title="bbox 239 3340 2177 3437; baseline 0 -14"><span class='ocrx_word' id='word_1_157' title='bbox 239 3355 301 3423; x_wconf 85' lang='lat' dir='ltr'>ti</span> <span class='ocrx_word' id='word_1_158' title='bbox 346 3366 448 3419; x_wconf 89' lang='lat' dir='ltr'>est</span> <span class='ocrx_word' id='word_1_159' title='bbox 492 3340 786 3437; x_wconf 85' lang='lat' dir='ltr'>justique</span> <span class='ocrx_word' id='word_1_160' title='bbox 847 3362 1104 3423; x_wconf 70' lang='lat' dir='ltr'>amans,</span> <span class='ocrx_word' id='word_1_161' title='bbox 1179 3362 1499 3435; x_wconf 73' lang='lat' dir='ltr'>tamquam</span> <span class='ocrx_word' id='word_1_162' title='bbox 1551 3347 1814 3419; x_wconf 79' lang='lat' dir='ltr'>Achilli</span> <span class='ocrx_word' id='word_1_163' title='bbox 1861 3348 2177 3425; x_wconf 54' lang='lat' dir='ltr'>Hosne-ri·</span> 
     </span>
     <span class='ocr_line' id='line_1_26' title="bbox 241 3463 2173 3563; baseline 0.001 -20"><span class='ocrx_word' id='word_1_164' title='bbox 241 3493 329 3543; x_wconf 84' lang='lat' dir='ltr'>ca</span> <span class='ocrx_word' id='word_1_165' title='bbox 403 3466 648 3542; x_wconf 84' lang='lat' dir='ltr'><em>Pallas</em></span> <span class='ocrx_word' id='word_1_166' title='bbox 680 3514 704 3550; x_wconf 87' lang='lat'>‚</span> <span class='ocrx_word' id='word_1_167' title='bbox 774 3463 966 3534; x_wconf 88' lang='lat' dir='ltr'>nobis</span> <span class='ocrx_word' id='word_1_168' title='bbox 1034 3482 1296 3533; x_wconf 79' lang='lat' dir='ltr'>manum</span> <span class='ocrx_word' id='word_1_169' title='bbox 1362 3467 1645 3559; x_wconf 51' lang='lat' dir='ltr'>injiciat„</span> <span class='ocrx_word' id='word_1_170' title='bbox 1740 3464 1847 3538; x_wconf 93' lang='lat' dir='ltr'>Tu</span> <span class='ocrx_word' id='word_1_171' title='bbox 1916 3473 2173 3563; x_wconf 78' lang='lat' dir='ltr'>itaque,</span> 
     </span>
     <span class='ocr_line' id='line_1_27' title="bbox 241 3574 2174 3692; baseline 0.003 -31"><span class='ocrx_word' id='word_1_172' title='bbox 241 3574 737 3687; x_wconf 58' lang='lat' dir='ltr'>Wsyttenbachi</span> <span class='ocrx_word' id='word_1_173' title='bbox 766 3584 800 3656; x_wconf 85' lang='lat'>.&#39;</span> <span class='ocrx_word' id='word_1_174' title='bbox 883 3587 982 3656; x_wconf 92' lang='lat' dir='ltr'>vir</span> <span class='ocrx_word' id='word_1_175' title='bbox 1072 3586 1369 3676; x_wconf 82' lang='lat' dir='ltr'>quamvis</span> <span class='ocrx_word' id='word_1_176' title='bbox 1448 3588 1675 3692; x_wconf 57' lang='lat' dir='ltr'>mugnai</span> <span class='ocrx_word' id='word_1_177' title='bbox 1740 3588 1816 3660; x_wconf 87' lang='lat' dir='ltr'>fis</span> <span class='ocrx_word' id='word_1_178' title='bbox 1881 3589 2174 3666; x_wconf 67' lang='lat' dir='ltr'>doctrina</span> 
     </span>
     <span class='ocr_line' id='line_1_28' title="bbox 238 3705 2173 3805; baseline -0.004 -18"><span class='ocrx_word' id='word_1_179' title='bbox 238 3734 434 3805; x_wconf 81' lang='lat' dir='ltr'>atque</span> <span class='ocrx_word' id='word_1_180' title='bbox 501 3709 638 3783; x_wconf 79' lang='lat' dir='ltr'>acri</span> <span class='ocrx_word' id='word_1_181' title='bbox 704 3706 1034 3800; x_wconf 85' lang='lat' dir='ltr'>praeditus</span> <span class='ocrx_word' id='word_1_182' title='bbox 1100 3707 1448 3780; x_wconf 81' lang='lat' dir='ltr'>venustatis</span> <span class='ocrx_word' id='word_1_183' title='bbox 1508 3705 1723 3799; x_wconf 88' lang='lat' dir='ltr'>sensu,</span> <span class='ocrx_word' id='word_1_184' title='bbox 1776 3716 1907 3785; x_wconf 86' lang='lat' dir='ltr'>vim</span> <span class='ocrx_word' id='word_1_185' title='bbox 1959 3732 2173 3785; x_wconf 80' lang='lat' dir='ltr'>tamen</span> 
     </span>
    </p>

    <p class='ocr_par' dir='ltr' id='par_1_4' title="bbox 2102 3827 2186 3897">
     <span class='ocr_line' id='line_1_29' title="bbox 2102 3827 2186 3897; baseline -0.048 -1"><span class='ocrx_word' id='word_1_186' title='bbox 2102 3827 2186 3897; x_wconf 90' lang='lat' dir='ltr'>li..</span> 
     </span>
    </p>
   </div>
  </div>
 </body>
</html>
