2719 4895
306 434 377 537 P?
406 432 523 500 IV.
550 432 726 499 CM».
759 431 841 499 Π.
866 432 989 499 DE
1018 428 1267 501 FONT
1315 428 1660 531 DOCTR.
1683 430 1911 502 M'EDa
1959 442 2082 511 251
2146 506 2154 513 ι

280 618 433 693 ·111.
486 619 714 714 Itaque
752 622 895 717 ejus
924 618 1112 691 ideae
1146 637 1302 695 cum
1324 620 1560 689 veritas
1583 616 1834 713 (vulgo
1873 610 2092 687 &eali-

200 718 406 831 tas'),
468 757 607 811 tum
667 742 762 811 vis
798 758 888 809 et
928 758 1192 825 natura,
1240 736 1494 832 duplici
1541 732 1880 810 Methodo
1914 733 2092 807 inda·

204 857 423 950 ganda
476 878 601 931 est.
698 858 1129 954 Analyte'ca,
1178 879 1309 952 qua
1361 848 1712 953 quousque
1743 854 2096 940 dividitur,

206 996 564 1070 quousque
594 977 953 1051 dividendo
973 980 1303 1072 perveniri
1330 988 1596 1071 potest:
1633 979 1721 1048 ita
1741 978 1916 1047 enim
1965 994 2095 1065 op-,

205 1098 375 1167 time
434 1096 825 1189 perspicitur
855 1147 878 1182 ‚
912 1118 993 1169 an
1028 1097 1199 1170 forte
1228 1100 1297 1168 in
1329 1097 1616 1167 minimis
1633 1095 1774 1187 ejus
1799 1094 2093 1188 partibus

204 1218 639 1311 repugnantia
680 1216 907 1306 subfit,
944 1238 1113 1310 quae
1148 1219 1215 1287 in
1258 1236 1401 1288 tota
1432 1212 1854 1307 universaque
1905 1212 2095 1299 idea,

140 1334 147 1346 '
207 1333 417 1407 veluti
454 1337 747 1427 partibus
772 1335 939 1423 suis,
994 1334 1315 1433 obvoluta
1342 1332 1631 1406 latuerit.
1685 1331 2098 1427 Synthetica

208 1450 557 1525 Methodo
586 1454 935 1547 dupliciter
954 1455 1045 1527 ‘fit
1064 1456 1225 1525 baec
1254 1452 1634 1549 indagatio:
1669 1472 1822 1525 cum
1843 1451 1948 1523 vel
1981 1452 2097 1527 has

213 1564 559 1644 dissolutas
613 1595 827 1666 partes
887 1576 1127 1647 iterum
1190 1564 1702 1667 componimuS,
1751 1592 1820 1644 et
1847 1572 2102 1665 quaeri-

213 1706 401 1770 muS,
453 1713 533 1759 an
582 1690 1054 1780 componendo
1074 1710 1247 1786 nova
1274 1692 1620 1783 veriorque
1659 1691 1802 1763 idea
1831 1680 2099 1759 eitistatz

214 1804 326 1875 vel
357 1804 439 1877 ad
456 1807 923 1895 experientiam
976 1804 1412 1889 attendendo,
1450 1825 1648 1898 atque
1690 1805 2101 1880 observando
2213 1802 2227 1849 ·,

216 1923 563 2017 exquibus
592 1922 941 1995 individuis
974 1922 1403 1994 universalem
1436 1923 1604 1993 hanc
1634 1923 1848 1995 ideam
1889 1922 2100 1997 colle-

216 2045 528 2137 gerimus·
594 2110 605 2121 ,
1066 2036 1079 2051 “

322 2160 443 2233 lv.
498 2160 932 2254 Posteaquam
1000 2180 1195 2233 unam
1241 2156 1594 2231 alteramve
1660 2156 2103 2255 perscrutandi

223 2286 391 2353 viam
436 2280 762 2372 persecuti
789 2281 1107 2352 fuerimus
1132 2329 1157 2366 ,
1202 2278 1582 2350 defistamus
1619 2278 1702 2351 ab
1733 2280 1855 2351 hac
1879 2278 2139 2351 Medi:

224 2400 397 2471 tandi
444 2402 848 2485 intentione,
898 2420 967 2470 et
1020 2396 1156 2470 alio
1204 2418 1507 2494 tempore
1543 2398 1762 2472 denuo
1812 2416 2110 2471 recentes

224 2519 305 2592 ad
328 2539 473 2591 eam
511 2519 920 2591 accedamus.
988 2517 1149 2592 Hoc
1180 2541 1323 2590 eam
1362 2521 1723 2613 praecipue
1759 2517 1960 2590 habet
1975 2520 2114 2591 uti·

224 2637 471 2712 litatem
500 2659 615 2726 ,ut
654 2637 853 2710 Mens
890 2661 973 2710 ne
1016 2641 1083 2710 in
1118 2639 1394 2712 eandem
1424 2621 1736 2734 deinceps
1765 2637 2110 2714 inducatur

225 2761 395 2830 viam
425 2810 449 2844 ,
478 2780 697 2854 neque
742 2759 882 2832 su'as
916 2762 1085 2832 vires
1128 2759 1474 2832 consumat
1513 2809 1536 2845 ‚
1577 2779 1702 2834 nec
1742 2759 1846 2831 vel
1892 2758 2147 2861 taedios

226 2873 611 2966 defatigetur
635 2925 657 2955 ,
686 2880 791 2946 vel
821 2927 845 2961 ,
874 2881 917 2946 fi
950 2899 1147 2969 quam
1178 2927 1201 2962 ‚
1242 2899 1454 2949 tamen
1503 2879 1966 2975 imperfectam
2012 2877 2113 2966 rei

228 2994 1099 3086 notionem-consequaturz
1166 2993 1275 3064 scd
1341 3015 1619 3078 contra,
1668 3015 1743 3064 ut
1796 2997 1994 3064 Mens
2043 2997 2114 3066 in
2193 2989 2204 2998 ”

230 3115 387 3190 alias
420 3113 555 3186 vias
582 3110 869 3211 incidat,
892 3131 1228 3204 novasque
1266 3112 1476 3184 veluti
1502 3109 1756 3184 semitas
1778 3114 2110 3204 pertinet,

226 3255 295 3306 et
348 3235 437 3306 ita
483 3249 623 3303 tum
670 3232 865 3304 citius
900 3230 981 3300 ad
1014 3213 1239 3302 verum
1275 3232 1666 3322 perveniat,
1713 3250 1852 3302 turn
1893 3233 2118 3306 notio-

230 3374 381 3426 nem
426 3354 835 3424 nanciscatur
882 3370 971 3422 eo
1018 3333 1486 3443 perfectiorem
1547 3369 1617 3420 et
1654 3337 2050 3448 plenioremss

326 3471 415 3543 V.
472 3469 784 3561 Denique
827 3468 1201 3556 videamus»,
1224 3468 1385 3563 quid
1418 3471 1486 3540 iu
1509 3485 1848 3564 utramque
1865 3486 2119 3561 partem

232 3591 360 3664 dici
382 3589 609 3682 possit
635 3637 659 3674 ‚
696 3609 1165 3682 momentaque
1221 3609 1524 3662 accurate
1559 3571 2001 3681 ponderemus
2037 3609 2121 3660 ac

236 3729 711 3806 comparemus.
763 3709 982 3802 Cujus
1016 3711 1111 3780 rei
1154 3712 1412 3802 optima
1439 3711 1701 3782 videtur
1737 3705 1876 3780 esse
1905 3711 2118 3797 ratio,

240 3811 389 3901 cum
454 3830 859 3902 Enunciatio
890 3921 895 3924 Ι
926 3847 995 3900 et
1042 3851 1290 3926 negans
1342 3851 1412 3900 et
1465 3830 1642 3924 ajens
1683 3830 2007 3921 ponitur,
2053 3846 2122 3908 et

204 3969 517 4042 ‚utraque
556 3947 909 4038 Analytice
945 3969 1011 4020 et
1050 3948 1440 4040 Synthetice
1469 3949 1897 4020 examinatur.

337 4068 457 4143 VI.
510 4066 588 4138 In
628 4071 857 4164 primis
892 4089 1054 4144 vero
1090 4091 1169 4144 ea
1207 4077 1546 4165 tem‘pora,
1571 4068 1818 4179 quibus
1845 4067 2128 4255 maxim?l

2043 4205 2082 4255 a
