2719 4895
1577 221 1961 326 (34)

812 433 984 508 dabo
1051 429 1241 527 (*)=
1336 428 1387 518 ζ,
1456 424 1712 500 Omnes
1779 441 2001 495 autem
2069 417 2473 515 Philosophi
2552 427 2719 500 in't

811 550 1307 629 consentiebant
1342 598 1368 636 ‚
1434 566 1506 619 ut
1572 543 2099 638 Metaphyiicam
2181 544 2451 616 scientia
2528 550 2719 639 princ

810 677 1078 766 piorum
1148 667 1758 757 elementorumque
1819 665 2220 762 cognitionis
2271 662 2617 738 humanae
2666 667 2719 737 d«

762 771 767 777 ’
813 791 1117 876 finirent-3
1184 807 1299 873 ut,
1367 774 1927 877 quemadmoilum
1975 781 2408 877 Philosophia
2464 789 2719 858 omnim

816 929 1213 984 caeterarum
1279 905 1693 979 scientiarum
1725 952 1751 992 ‚
1834 902 1928 978 fic
2012 903 2489 998 Metaphyfica
2580 911 2719 980 toti·

815 1030 1280 1123 Philosophiae
1370 1026 1612 1099 semina
1694 1046 1773 1098 ac
1862 1022 2281 1098 fundamenta
2369 1027 2719 1100 continere

791 1152 1039 1243 ‘Atque
1106 1149 1234 1221 hac
1310 1146 1630 1222 ubertatis
1690 1147 2228 1236 auctoritatisque
2276 1147 2719 1218 existimatiot

813 1270 1032 1343 adhuc
1099 1268 1416 1368 florebat,
1480 1265 1642 1340 licet
1703 1266 2057 1360 pleraeque
2107 1267 2247 1359 ejus
2294 1287 2523 1359 partes
2577 1267 2719 1338 firm

814 1406 950 1460 tate
1018 1387 1474 1479 evidentiaque
1542 1387 1847 1460 scientiae
1916 1385 2284 1458 carerent.”
2404 1385 2719 1480 Memph1

775 1539 781 1546 ·
817 1508 949 1580 fica
1006 1508 1205 1604 igitur
1221 1556 1246 1591 .,
1313 1510 1609 1599 quamvis
1660 1509 2030 1604 pleraeque
2076 1505 2220 1600 ejus
2248 1506 2509 1602 partes
2547 1506 2719 1605 firm

821 1642 974 1703 tate
1022 1642 1229 1719 atque
1276 1622 1625 1702 evidentia
1658 1624 1993 1724 scientiae
2037 1643 2329 1700 careant
2345 1679 2369 1715 ‚
2438 1647 2659 1699 tamen
2706 1650 2719 1695 ε

820 1767 963 1833 est,
1032 1765 1103 1818 et
1160 1747 1301 1819 esse
1348 1769 1427 1820 ac
1472 1749 1736 1820 manere
1784 1745 2024 1834 debet,
2093 1747 2297 1820 totius
2344 1747 2517 1838 quafi
2565 1765 2719 1816 mat<

826 1863 1297 1959 Philosophiae
1333 1919 1357 1954 ‚
1444 1887 1514 1939 et
1580 1869 1745 1940 hacc
1815 1867 2028 1939 rursus
2093 1887 2487 1939 caeterarum
2559 1865 2719 1937 scien

815 1986 1192 2059 ,tias-amn!
1241 1986 1338 2058 Ita
1384 1990 1560 2060 enim
1587 2037 1611 2073 ‚
1662 1986 1795 2060 alio
1855 1991 1923 2059 in
1989 1986 2154 2060 loco
2220 1988 2350 2083 (†')
2384 2039 2410 2076 ‚
2479 1982 2719 2058 Pla-ilat«

800 2104 1012 2181 'them
1085 2125 1270 2178 tuum
1321 2105 1629 2179 inducis:
1693 2157 1744 2195 „
1795 2106 2006 2179 Lecta
2056 2106 2168 2180 illa
2202 2121 2437 2202 purae
2484 2106 2719 2180 ration.

824 2225 1140 2317 Critt‘cd,
1208 2222 1534 2318 judicavi,
1601 2225 1838 2301 melius
1866 2229 1869 2237 ’
1895 2227 2077 2315 esse,
2142 2231 2422 2300 retinere
2492 2240 2719 2301 veterel

815 2367 1108 2420 nostram
1136 2397 1162 2434 ,
1226 2347 1363 2419 five
1409 2351 1736 2440 impuram
1765 2396 1790 2434 ‚
1840 2347 1975 2420 five
2023 2345 2293 2421 mixtam
2341 2354 2501 2441 quis
2548 2365 2719 2422 vocet

794 2460 1365 2560 ‘Metaphyficam
1397 2518 1423 2555 ‚
1492 2488 1563 2538 et
1631 2467 1983 2542 fecundam
2047 2465 2226 2543 illam
2297 2493 2526 2547 rerum
2594 2471 2719 2546 ube]

830 2606 962 2659 tate
993 2638 1017 2675 ‚
1095 2606 1163 2658 et
1224 2585 1480 2661 ratione
1549 2586 1967 2683 summopere
2035 2590 2458 2683 probabilem
2498 2645 2526 2680 ,
2588 2609 2719 2683 quat

825 2726 1071 2777 novam
1141 2704 1318 2776 illam
1384 2704 1696 2800 adoptare
1720 2758 1745 2796 ‚
1811 2730 1940 2802 pro
2004 2708 2264 2783 critica
2325 2731 2394 2782 et
2441 2709 2646 2808 pura
2706 2710 2719 2775 ¹

827 2822 1315 2909 vendi-antem,
1383 2846 1517 2897 non
1579 2825 1906 2908 valentem
1976 2827 2059 2900 ad
2119 2849 2375 2901 veteres
2423 2829 2719 2925 possesfic

827 2966 947 3016 nes
1050 2941 1316 3016 tuendas
1353 2993 1377 3029 ,
1478 2946 1725 3019 nedum
1808 2947 1891 3019 ad
1972 2969 2174 3021 novas
2262 2949 2707 3073 acquirendas

835 3060 1048 3161 Quod
1084 3062 1138 3138 fi
1173 3064 1379 3151 esset,
1408 3085 1482 3137 ut
1504 3082 1586 3139 tu
1615 3067 1821 3151 dicis,
1850 3089 2271 3145 communem
2308 3074 2635 3147 humanae
2663 3086 2719 3139 cc

829 3186 1147 3280 gnitionis
1207 3185 1446 3259 sortem
1517 3192 1665 3280 quis
1713 3189 1859 3264 satis
1908 3192 2197 3268 miserari
2243 3196 2522 3291 posset?
2586 3190 2719 3286 Qm¹

2600 3308 2719 3383 enim

831 3480 2719 3527 Ἠ

912 3591 1020 3672 (⁶)
1063 3599 1131 3659 P·
1171 3616 1270 3677 37·
2462 3588 2468 3592 ⁴

912 3695 1033 3778 (i)
1072 3699 1140 3760 P·
1176 3714 1278 3774 ⁵3·
