2719 4895
839 231 1220 330 (33)

91 435 280 534 piane
327 434 762 519 contmrihm‚
835 432 1083 502 inveni.
1183 427 1431 500 Verum
1450 477 1476 515 ,
1522 447 1609 498 ne
1656 425 2015 504 Lectorem

86 558 326 630 diutius
391 554 713 626 detineam
749 601 774 638 ,
845 550 1060 622 dicam
1129 549 1509 642 fimpliciter
1544 597 1565 635 ,
1626 553 1847 620 omnia
1906 553 2017 622 hie

83 682 316 749 iterum
401 697 440 746 a
491 693 590 746 -te
675 671 1052 765 perturbata
1135 669 1272 742 esse
1363 689 1561 760 atque
1640 672 2019 744 commixta.
2098 682 2105 696 “

85 795 460 870 Confundis
541 797 850 866 nimirum
934 791 1289 863 Rationem
1321 841 1345 876 ,
1434 811 1631 880 quam
1704 787 2027 863 theoreti-

85 939 285 1002 cam,
335 935 490 988 cum
540 915 660 995 ei,
717 927 916 1003 quam
955 912 1342 1004 practicam
1394 931 1681 994 vocant,
1742 931 1811 980 et
1860 914 2022 984 utti-

87 1059 302 1128 usque
368 1033 682 1108 diversam
745 1037 920 1116 vim,
987 1029 1441 1120 diversumque
1510 1029 1722 1102 usum.
1826 1029 2027 1125 igno·

91 1178 232 1245 ras,
301 1155 370 1226 id
431 1154 612 1245 quod
661 1151 766 1224 vel
809 1155 1034 1246 pueris
1061 1193 1084 1236 ‚
1167 1153 1331 1222 haec
1382 1148 1847 1243 Philosophiae
1896 1149 2028 1222 stu·

87 1275 196 1348 dia
261 1277 376 1346 vix
437 1273 862 1360 adeuntibuS,
931 1291 1008 1344 ut
1055 1275 1146 1342 ita
1197 1273 1457 1360 dicam,
1506 1273 1573 1340 in
1626 1271 1848 1342 limine
1892 1273 2027 1364 jam

87 1395 196 1470 fit.
226 1373 616 1490 cogniturus,
685 1389 1044 1464 Rationem
1115 1391 1475 1476 videlicet,
1524 1394 1631 1464 cui
1680 1413 1719 1462 a
1768 1389 2031 1464 Kantiv

95 1514 270 1610 leges
347 1513 728 1586 tribuuntur
823 1528 1148 1584 aeternae
1235 1533 1435 1603 atque
1518 1512 1971 1585 immutabiles
2006 1555 2034 1596 ,

93 1657 222 1706 non
263 1655 411 1704 eam
460 1633 598 1704 esse
615 1683 640 1716 ‚
689 1654 888 1723 quam
935 1630 1381 1704 theoreticam
1432 1653 1675 1702 vocant
1692 1681 1715 1714 ‚
1767 1631 1849 1702 dc
1868 1663 1879 1672 ·
1900 1633 2033 1721 qua

97 1753 203 1824 hic
247 1753 380 1826 solfi
429 1754 644 1846 agitur
663 1803 688 1836 ‚
733 1750 848 1822 sed
881 1751 1282 1845 practicam
1300 1775 1329 1841 ,-
1378 1772 1445 1824 et
1464 1800 1487 1836 ,
1514 1737 1815 1842 quamvis
1858 1773 2035 1822 utra·-

107 1893 228 1962 que
259 1895 418 1965 ,pars
465 1871 548 1942 ad
593 1873 872 1956 eandem
922 1876 1244 1964 pertineat
1293 1871 1697 1959 Rationem,
1770 1867 2035 1946 theore-

123 1990 280 2062 ticae
331 2013 541 2074 tamen
567 2045 584 2076 ,
655 1991 820 2084 quid
880 2015 1116 2066 verum
1182 1992 1262 2067 fit
1327 1995 1711 2085 inquirentis
1740 2045 1763 2080 ,
1832 1993 2033 2064 alium

125 2107 254 2178 esse
312 2111 498 2182 usum
531 2163 574 2197 ‚.
611 2117 906 2203 itemque
971 2111 1130 2184 alias
1197 2112 1381 2210 leges
1408 2165 1433 2198 ,
1500 2133 1581 2184 ac
1636 2112 2038 2206 practicae,

121 2228 270 2318 quid
335 2228 672 2304 honestum
733 2230 814 2305 fit
873 2230 1214 2318 videntis-‚
1282 2232 1487 2324 idque
1554 2233 2039 2324 praecipientis.

115 2345 286 2423 Haec
332 2355 592 2439 omnia,
641 2376 681 2424 a
729 2351 988 2428 Kantio
1035 2351 1322 2426 dilucide
1370 2351 1778 2446 copioseque
1827 2372 2035 2444 expo·

87 2467 263 2555 sita,
336 2492 407 2543 et
469 2473 556 2545 ab
623 2476 764 2568 ejus
818 2474 1282 2565 interpretibus
1343 2476 1597 2556 centies
1662 2478 2038 2565 centiesque

116 2592 364 2681 repetita
383 2642 408 2681 ,
458 2614 499 2663 a
551 2612 616 2663 te
666 2596 940 2686 turpiter
988 2593 1519 2670 confunduntur:

959 2836 1098 2902 πᾶν
1127 2834 1211 2927 ,ἐν
1253 2840 1455 2903 παντὶ
1489 2832 1829 2926 piniariu-

209 3056 450 3158 Porro,
477 3116 484 3121 ·
515 3070 599 3146 ad
662 3072 1248 3167 commendandam
1319 3096 1609 3147 veterem
1679 3074 2043 3168 Me'taphy-

117 3180 346 3276 fleam,
365 3195 738 3287 imperiosa
779 3194 1130 3284 quaedam
1155 3194 1367 3269 edicta
1420 3196 1720 3289 profers·
1789 3200 1881 3265 in
1900 3198 2050 3284 qui-

97 3298 230 3381 :bus
289 3328 358 3379 et
419 3313 554 3385 hoc
621 3334 758 3401 est,
839 3314 1026 3405 quod
1095 3312 1316 3387 facere
1388 3340 1523 3387 non
1576 3314 1841 3407 possum
1889 3318 2048 3423 quin

117 3416 380 3502 Lectori
471 3434 875 3504 exhibeam·
855 3484 880 3521 ‚
987 3452 1088 3504 est
1164 3437 1338 3507 euim
1426 3434 1815 3525 exquifitum
1848 3487 1887 3522 ,
1954 3438 2071 3505 in«

113 3548 450 3643 genioque
552 3574 672 3626 tuo
767 3548 999 3648 perdi0
976 3574 1190 3628 num.
1325 3554 1472 3627 Tua
1569 3556 1763 3649 ipsius
1854 3554 2055 3627 verba

1075 3672 1152 3746 C.
1293 3688 1304 3699 ·
1942 3668 2056 3739 da·
