<?xml version="1.0" encoding="UTF-8"?>
<!DOCTYPE html PUBLIC "-//W3C//DTD XHTML 1.0 Transitional//EN"
    "http://www.w3.org/TR/xhtml1/DTD/xhtml1-transitional.dtd">
<html xmlns="http://www.w3.org/1999/xhtml" xml:lang="en" lang="en">
 <head>
  <title>
</title>
<meta http-equiv="Content-Type" content="text/html;charset=utf-8" />
  <meta name='ocr-system' content='tesseract 3.04.00' />
  <meta name='ocr-capabilities' content='ocr_page ocr_carea ocr_par ocr_line ocrx_word'/>
</head>
<body>
  <div class='ocr_page' id='page_1' title='image "./triasepistolaru00hemegoog_0145.png"; bbox 0 0 2719 4895; ppageno 0'>
   <div class='ocr_carea' id='block_1_1' title="bbox 997 254 1419 423">
    <p class='ocr_par' dir='ltr' id='par_1_1' title="bbox 997 254 1419 423">
     <span class='ocr_line' id='line_1_1' title="bbox 997 254 1419 423; baseline 0.005 -2"><span class='ocrx_word' id='word_1_1' title='bbox 997 254 1419 423; x_wconf 21' lang='lat'>(43).</span> 
     </span>
    </p>
   </div>
   <div class='ocr_carea' id='block_1_2' title="bbox 134 518 2291 2786">
    <p class='ocr_par' dir='ltr' id='par_1_2' title="bbox 134 511 2291 2786">
     <span class='ocr_line' id='line_1_2' title="bbox 160 518 2181 613; baseline -0.001 -12"><span class='ocrx_word' id='word_1_2' title='bbox 160 526 508 607; x_wconf 81' lang='lat' dir='ltr'><strong>rumdam</strong></span> <span class='ocrx_word' id='word_1_3' title='bbox 595 520 1116 597; x_wconf 82' lang='lat' dir='ltr'>acutisfimorurn</span> <span class='ocrx_word' id='word_1_4' title='bbox 1154 571 1177 608; x_wconf 90' lang='lat'>,</span> <span class='ocrx_word' id='word_1_5' title='bbox 1263 542 1439 613; x_wconf 85' lang='lat' dir='ltr'>quos</span> <span class='ocrx_word' id='word_1_6' title='bbox 1484 524 1674 594; x_wconf 81' lang='lat' dir='ltr'>inter</span> <span class='ocrx_word' id='word_1_7' title='bbox 1740 511 2205 619; x_wconf 61' lang='lat' dir='ltr'>&#39;scuuLzrr&#39;</span> 
     </span>
     <span class='ocr_line' id='line_1_3' title="bbox 171 643 2183 738; baseline -0.003 -15"><span class='ocrx_word' id='word_1_8' title='bbox 171 645 734 723; x_wconf 78' lang='lat' dir='ltr'>Illustrationes</span> <span class='ocrx_word' id='word_1_9' title='bbox 825 644 1114 734; x_wconf 82' lang='lat' dir='ltr'>itemque</span> <span class='ocrx_word' id='word_1_10' title='bbox 1181 662 1228 713; x_wconf 79' lang='lat' dir='ltr'>R</span> <span class='ocrx_word' id='word_1_11' title='bbox 1258 663 1298 711; x_wconf 72' lang='grc' dir='ltr'>Ε</span> <span class='ocrx_word' id='word_1_12' title='bbox 1317 662 1346 715; x_wconf 85' lang='lat'>1</span> <span class='ocrx_word' id='word_1_13' title='bbox 1366 646 1483 713; x_wconf 71' lang='lat' dir='ltr'>n‘n</span> <span class='ocrx_word' id='word_1_14' title='bbox 1500 663 1545 713; x_wconf 93' lang='lat' dir='ltr'>o</span> <span class='ocrx_word' id='word_1_15' title='bbox 1564 664 1609 713; x_wconf 82' lang='lat' dir='ltr'>L</span> <span class='ocrx_word' id='word_1_16' title='bbox 1627 665 1675 713; x_wconf 91' lang='lat' dir='ltr'><strong>D</strong></span> <span class='ocrx_word' id='word_1_17' title='bbox 1696 665 1763 714; x_wconf 90' lang='lat'>11</span> <span class='ocrx_word' id='word_1_18' title='bbox 1826 643 1900 715; x_wconf 92' lang='lat' dir='ltr'><em>E</em></span> <span class='ocrx_word' id='word_1_19' title='bbox 1892 644 2183 738; x_wconf 77' lang='lat' dir='ltr'>pistolas</span> 
     </span>
     <span class='ocr_line' id='line_1_4' title="bbox 153 760 2180 852; baseline -0.004 -8"><span class='ocrx_word' id='word_1_20' title='bbox 153 765 584 843; x_wconf 81' lang='lat' dir='ltr'>nominasse</span> <span class='ocrx_word' id='word_1_21' title='bbox 641 761 969 850; x_wconf 85' lang='lat' dir='ltr'>sufficiat,</span> <span class='ocrx_word' id='word_1_22' title='bbox 1037 782 1208 833; x_wconf 84' lang='lat' dir='ltr'>anno</span> <span class='ocrx_word' id='word_1_23' title='bbox 1259 760 1527 833; x_wconf 88' lang='lat' dir='ltr'>demum</span> <span class='ocrx_word' id='word_1_24' title='bbox 1576 766 1812 852; x_wconf 88' lang='lat' dir='ltr'>quinto</span> <span class='ocrx_word' id='word_1_25' title='bbox 1860 781 1933 833; x_wconf 88' lang='lat' dir='ltr'>et</span> <span class='ocrx_word' id='word_1_26' title='bbox 1982 784 2180 837; x_wconf 88' lang='lat' dir='ltr'>octo-</span> 
     </span>
     <span class='ocr_line' id='line_1_5' title="bbox 157 880 2177 985; baseline -0.004 -22"><span class='ocrx_word' id='word_1_27' title='bbox 157 892 455 985; x_wconf 85' lang='lat' dir='ltr'>gefirno</span> <span class='ocrx_word' id='word_1_28' title='bbox 481 940 512 975; x_wconf 86' lang='lat'>.,</span> <span class='ocrx_word' id='word_1_29' title='bbox 591 884 878 978; x_wconf 82' lang='lat' dir='ltr'>produci</span> <span class='ocrx_word' id='word_1_30' title='bbox 941 905 1020 953; x_wconf 80' lang='lat' dir='ltr'>ac</span> <span class='ocrx_word' id='word_1_31' title='bbox 1071 880 1387 955; x_wconf 79' lang='lat' dir='ltr'>celebrari</span> <span class='ocrx_word' id='word_1_32' title='bbox 1438 885 1793 975; x_wconf 82' lang='lat' dir='ltr'>coeperit..</span> <span class='ocrx_word' id='word_1_33' title='bbox 1863 882 1997 957; x_wconf 87' lang='lat' dir='ltr'>Sed</span> <span class='ocrx_word' id='word_1_34' title='bbox 2046 883 2177 955; x_wconf 81' lang='lat' dir='ltr'>dif-</span> 
     </span>
     <span class='ocr_line' id='line_1_6' title="bbox 153 1004 2177 1106; baseline -0.003 -21"><span class='ocrx_word' id='word_1_35' title='bbox 153 1012 364 1085; x_wconf 86' lang='lat' dir='ltr'>ficile</span> <span class='ocrx_word' id='word_1_36' title='bbox 465 1030 623 1079; x_wconf 88' lang='lat' dir='ltr'>non</span> <span class='ocrx_word' id='word_1_37' title='bbox 697 1004 838 1077; x_wconf 87' lang='lat' dir='ltr'>esse</span> <span class='ocrx_word' id='word_1_38' title='bbox 915 1024 1094 1106; x_wconf 64' lang='lat' dir='ltr'>puro</span> <span class='ocrx_word' id='word_1_39' title='bbox 1169 1005 1549 1097; x_wconf 81' lang='lat' dir='ltr'>perspicere</span> <span class='ocrx_word' id='word_1_40' title='bbox 1583 1053 1608 1091; x_wconf 88' lang='lat'>‚</span> <span class='ocrx_word' id='word_1_41' title='bbox 1688 1024 1827 1093; x_wconf 91' lang='lat' dir='ltr'>quo</span> <span class='ocrx_word' id='word_1_42' title='bbox 1902 1024 1973 1075; x_wconf 89' lang='lat' dir='ltr'>et</span> <span class='ocrx_word' id='word_1_43' title='bbox 2040 1006 2177 1079; x_wconf 92' lang='lat' dir='ltr'>hoc</span> 
     </span>
     <span class='ocr_line' id='line_1_7' title="bbox 159 1124 2203 1223; baseline -0.002 -18"><span class='ocrx_word' id='word_1_44' title='bbox 159 1154 388 1207; x_wconf 86' lang='lat' dir='ltr'>tuum</span> <span class='ocrx_word' id='word_1_45' title='bbox 412 1181 441 1218; x_wconf 90' lang='lat'>,</span> <span class='ocrx_word' id='word_1_46' title='bbox 516 1130 606 1201; x_wconf 87' lang='lat' dir='ltr'>de</span> <span class='ocrx_word' id='word_1_47' title='bbox 646 1126 1096 1223; x_wconf 71' lang='lat' dir='ltr'>duodeviginti</span> <span class='ocrx_word' id='word_1_48' title='bbox 1141 1128 1361 1212; x_wconf 84' lang='lat' dir='ltr'>annis,</span> <span class='ocrx_word' id='word_1_49' title='bbox 1426 1124 1843 1198; x_wconf 83' lang='lat' dir='ltr'>mendacium</span> <span class='ocrx_word' id='word_1_50' title='bbox 1894 1124 2203 1220; x_wconf 73' lang='lat' dir='ltr'>spectet.⁸</span> 
     </span>
     <span class='ocr_line' id='line_1_8' title="bbox 173 1244 2175 1343; baseline -0.004 -16"><span class='ocrx_word' id='word_1_51' title='bbox 173 1253 514 1327; x_wconf 84' lang='lat' dir='ltr'>Homini</span> <span class='ocrx_word' id='word_1_52' title='bbox 567 1254 745 1321; x_wconf 89' lang='lat' dir='ltr'>enim</span> <span class='ocrx_word' id='word_1_53' title='bbox 809 1268 936 1321; x_wconf 82' lang='lat' dir='ltr'>tam</span> <span class='ocrx_word' id='word_1_54' title='bbox 985 1244 1091 1341; x_wconf 81' lang='lat' dir='ltr'>sui</span> <span class='ocrx_word' id='word_1_55' title='bbox 1133 1246 1332 1343; x_wconf 66' lang='lat' dir='ltr'>pleno</span> <span class='ocrx_word' id='word_1_56' title='bbox 1371 1268 1497 1319; x_wconf 90' lang='lat' dir='ltr'>nec</span> <span class='ocrx_word' id='word_1_57' title='bbox 1538 1269 1775 1321; x_wconf 71' lang='lat' dir='ltr'>verum</span> <span class='ocrx_word' id='word_1_58' title='bbox 1805 1248 1995 1319; x_wconf 87' lang='lat' dir='ltr'>cordi</span> <span class='ocrx_word' id='word_1_59' title='bbox 2034 1270 2175 1337; x_wconf 89' lang='lat' dir='ltr'>est,</span> 
     </span>
     <span class='ocr_line' id='line_1_9' title="bbox 171 1366 2259 1462; baseline -0.004 -14"><span class='ocrx_word' id='word_1_60' title='bbox 171 1396 324 1447; x_wconf 86' lang='lat' dir='ltr'>nec</span> <span class='ocrx_word' id='word_1_61' title='bbox 403 1376 710 1458; x_wconf 75' lang='lat' dir='ltr'>bonum,</span> <span class='ocrx_word' id='word_1_62' title='bbox 781 1366 964 1462; x_wconf 91' lang='lat' dir='ltr'>quod</span> <span class='ocrx_word' id='word_1_63' title='bbox 1011 1366 1365 1441; x_wconf 81' lang='lat' dir='ltr'>honestum</span> <span class='ocrx_word' id='word_1_64' title='bbox 1413 1368 1697 1441; x_wconf 86' lang='lat' dir='ltr'>dicimus</span> <span class='ocrx_word' id='word_1_65' title='bbox 1780 1406 1877 1421; x_wconf 92' lang='lat'><em>-</em></span> <span class='ocrx_word' id='word_1_66' title='bbox 1956 1367 2179 1457; x_wconf 86' lang='lat' dir='ltr'>Dein,</span> <span class='ocrx_word' id='word_1_67' title='bbox 2252 1420 2259 1428; x_wconf 88' lang='lat'>.</span> 
     </span>
     <span class='ocr_line' id='line_1_10' title="bbox 175 1487 2182 1588; baseline -0.002 -21"><span class='ocrx_word' id='word_1_68' title='bbox 175 1499 389 1587; x_wconf 70' lang='lat' dir='ltr'>quie,</span> <span class='ocrx_word' id='word_1_69' title='bbox 470 1492 770 1588; x_wconf 85' lang='lat' dir='ltr'>quaeso,</span> <span class='ocrx_word' id='word_1_70' title='bbox 839 1494 961 1563; x_wconf 85' lang='lat' dir='ltr'>iste</span> <span class='ocrx_word' id='word_1_71' title='bbox 1021 1508 1163 1577; x_wconf 86' lang='lat' dir='ltr'>est,</span> <span class='ocrx_word' id='word_1_72' title='bbox 1227 1492 1348 1581; x_wconf 89' lang='lat' dir='ltr'>qui</span> <span class='ocrx_word' id='word_1_73' title='bbox 1400 1488 1519 1559; x_wconf 89' lang='lat' dir='ltr'>tibi</span> <span class='ocrx_word' id='word_1_74' title='bbox 1572 1487 2003 1582; x_wconf 81' lang='lat' dir='ltr'>persuaserit,</span> <span class='ocrx_word' id='word_1_75' title='bbox 2036 1500 2182 1563; x_wconf 64' lang='lat' dir='ltr'>”no-</span> 
     </span>
     <span class='ocr_line' id='line_1_11' title="bbox 175 1606 2181 1707; baseline -0.004 -18"><span class='ocrx_word' id='word_1_76' title='bbox 175 1636 360 1691; x_wconf 75' lang='lat' dir='ltr'>vam</span> <span class='ocrx_word' id='word_1_77' title='bbox 377 1666 406 1698; x_wconf 80' lang='grc'><em>,</em></span> <span class='ocrx_word' id='word_1_78' title='bbox 479 1636 684 1707; x_wconf 80' lang='lat' dir='ltr'>quam</span> <span class='ocrx_word' id='word_1_79' title='bbox 755 1634 822 1687; x_wconf 92' lang='lat' dir='ltr'>tu</span> <span class='ocrx_word' id='word_1_80' title='bbox 885 1634 1086 1685; x_wconf 83' lang='lat' dir='ltr'>vocas</span> <span class='ocrx_word' id='word_1_81' title='bbox 1103 1663 1127 1699; x_wconf 89' lang='lat'><strong>‚</strong></span> <span class='ocrx_word' id='word_1_82' title='bbox 1179 1606 1723 1706; x_wconf 76' lang='lat' dir='ltr'>Metaplzysicam</span> <span class='ocrx_word' id='word_1_83' title='bbox 1770 1614 1949 1705; x_wconf 83' lang='lat' dir='ltr'>apud</span> <span class='ocrx_word' id='word_1_84' title='bbox 2000 1610 2181 1683; x_wconf 81' lang='lat' dir='ltr'>Ger-</span> 
     </span>
     <span class='ocr_line' id='line_1_12' title="bbox 180 1729 2181 1816; baseline -0.002 -11"><span class='ocrx_word' id='word_1_85' title='bbox 180 1756 443 1806; x_wconf 87' lang='lat' dir='ltr'>manos</span> <span class='ocrx_word' id='word_1_86' title='bbox 507 1756 686 1807; x_wconf 90' lang='lat' dir='ltr'>nunc</span> <span class='ocrx_word' id='word_1_87' title='bbox 753 1734 1212 1816; x_wconf 87' lang='lat' dir='ltr'>obsolescere,</span> <span class='ocrx_word' id='word_1_88' title='bbox 1277 1754 1343 1803; x_wconf 89' lang='lat' dir='ltr'>et</span> <span class='ocrx_word' id='word_1_89' title='bbox 1411 1746 1555 1801; x_wconf 84' lang='lat' dir='ltr'>rem</span> <span class='ocrx_word' id='word_1_90' title='bbox 1604 1731 1745 1802; x_wconf 87' lang='lat' dir='ltr'>esse</span> <span class='ocrx_word' id='word_1_91' title='bbox 1790 1754 1929 1802; x_wconf 87' lang='lat' dir='ltr'>non</span> <span class='ocrx_word' id='word_1_92' title='bbox 1973 1729 2181 1802; x_wconf 89' lang='lat' dir='ltr'>modo</span> 
     </span>
     <span class='ocr_line' id='line_1_13' title="bbox 189 1836 2179 1950; baseline -0.002 -21"><span class='ocrx_word' id='word_1_93' title='bbox 189 1874 570 1943; x_wconf 81' lang='lat' dir='ltr'>veterem,</span> <span class='ocrx_word' id='word_1_94' title='bbox 636 1856 748 1927; x_wconf 86' lang='lat' dir='ltr'>sed</span> <span class='ocrx_word' id='word_1_95' title='bbox 812 1836 1262 1949; x_wconf 75' lang='lat' dir='ltr'>antiquatam‘²</span> <span class='ocrx_word' id='word_1_96' title='bbox 1327 1854 1521 1925; x_wconf 86' lang='lat' dir='ltr'>Talia</span> <span class='ocrx_word' id='word_1_97' title='bbox 1566 1852 1745 1947; x_wconf 81' lang='lat' dir='ltr'>apud</span> <span class='ocrx_word' id='word_1_98' title='bbox 1795 1878 1857 1925; x_wconf 90' lang='lat' dir='ltr'>te</span> <span class='ocrx_word' id='word_1_99' title='bbox 1908 1836 2179 1950; x_wconf 75' lang='lat' dir='ltr'>legem,</span> 
     </span>
     <span class='ocr_line' id='line_1_14' title="bbox 134 1972 2183 2067; baseline 0.002 -26"><span class='ocrx_word' id='word_1_100' title='bbox 134 2018 150 2027; x_wconf 82' lang='lat'>-</span> <span class='ocrx_word' id='word_1_101' title='bbox 199 1992 605 2061; x_wconf 61' lang='lat' dir='ltr'>totamque„</span> <span class='ocrx_word' id='word_1_102' title='bbox 660 1995 834 2045; x_wconf 87' lang='lat' dir='ltr'>tuam</span> <span class='ocrx_word' id='word_1_103' title='bbox 901 1974 1204 2047; x_wconf 83' lang='lat' dir='ltr'>adversus</span> <span class='ocrx_word' id='word_1_104' title='bbox 1269 1972 1603 2047; x_wconf 81' lang='lat' dir='ltr'>Kantium</span> <span class='ocrx_word' id='word_1_105' title='bbox 1670 1974 2183 2067; x_wconf 84' lang='lat' dir='ltr'>disputationem</span> 
     </span>
     <span class='ocr_line' id='line_1_15' title="bbox 212 2090 2181 2183; baseline 0.007 -29"><span class='ocrx_word' id='word_1_106' title='bbox 212 2105 382 2157; x_wconf 81' lang='lat' dir='ltr'>ante</span> <span class='ocrx_word' id='word_1_107' title='bbox 477 2090 718 2161; x_wconf 78' lang='lat' dir='ltr'>oculos</span> <span class='ocrx_word' id='word_1_108' title='bbox 803 2090 966 2161; x_wconf 88' lang='lat' dir='ltr'>mihi</span> <span class='ocrx_word' id='word_1_109' title='bbox 1051 2114 1310 2181; x_wconf 85' lang='lat' dir='ltr'>ponens</span> <span class='ocrx_word' id='word_1_110' title='bbox 1348 2144 1372 2179; x_wconf 89' lang='lat'><strong>,</strong></span> <span class='ocrx_word' id='word_1_111' title='bbox 1460 2098 1529 2163; x_wconf 88' lang='lat' dir='ltr'>in</span> <span class='ocrx_word' id='word_1_112' title='bbox 1604 2096 1955 2183; x_wconf 80' lang='lat' dir='ltr'>quamdam</span> <span class='ocrx_word' id='word_1_113' title='bbox 2040 2097 2181 2167; x_wconf 85' lang='lat' dir='ltr'>fere</span> 
     </span>
     <span class='ocr_line' id='line_1_16' title="bbox 216 2202 2191 2297; baseline 0.005 -22"><span class='ocrx_word' id='word_1_114' title='bbox 216 2204 547 2291; x_wconf 60' lang='lat' dir='ltr'>deamat</span> <span class='ocrx_word' id='word_1_115' title='bbox 605 2202 846 2297; x_wconf 87' lang='lat' dir='ltr'>conjici</span> <span class='ocrx_word' id='word_1_116' title='bbox 913 2229 1022 2277; x_wconf 88' lang='lat' dir='ltr'>me</span> <span class='ocrx_word' id='word_1_117' title='bbox 1085 2204 1332 2289; x_wconf 75' lang='lat' dir='ltr'>sentio&#39;,</span> <span class='ocrx_word' id='word_1_118' title='bbox 1394 2230 1465 2279; x_wconf 88' lang='lat' dir='ltr'>et</span> <span class='ocrx_word' id='word_1_119' title='bbox 1524 2202 1791 2281; x_wconf 82' lang='lat' dir='ltr'>tandem</span> <span class='ocrx_word' id='word_1_120' title='bbox 1842 2234 1997 2283; x_wconf 86' lang='lat' dir='ltr'>cum</span> <span class='ocrx_word' id='word_1_121' title='bbox 2043 2213 2191 2285; x_wconf 89' lang='lat' dir='ltr'>Co·</span> 
     </span>
     <span class='ocr_line' id='line_1_17' title="bbox 213 2327 2265 2431; baseline 0.004 -34"><span class='ocrx_word' id='word_1_122' title='bbox 213 2330 422 2398; x_wconf 85' lang='lat' dir='ltr'>mico</span> <span class='ocrx_word' id='word_1_123' title='bbox 495 2327 718 2401; x_wconf 67' lang='lat' dir='ltr'>ficere</span> <span class='ocrx_word' id='word_1_124' title='bbox 785 2332 896 2401; x_wconf 86' lang='lat' dir='ltr'>vix</span> <span class='ocrx_word' id='word_1_125' title='bbox 950 2328 1220 2423; x_wconf 87' lang='lat' dir='ltr'>possum</span> <span class='ocrx_word' id='word_1_126' title='bbox 1285 2332 1445 2421; x_wconf 83' lang='lat' dir='ltr'>quin</span> <span class='ocrx_word' id='word_1_127' title='bbox 1512 2327 1923 2403; x_wconf 85' lang='lat' dir='ltr'>exclamem.</span> <span class='ocrx_word' id='word_1_128' title='bbox 1973 2332 2012 2402; x_wconf 74' lang='grc' dir='ltr'><em>ὃ</em></span> <span class='ocrx_word' id='word_1_129' title='bbox 2045 2328 2190 2425; x_wconf 83' lang='lat' dir='ltr'>Ju-</span> <span class='ocrx_word' id='word_1_130' title='bbox 2260 2426 2265 2431; x_wconf 23' lang='grc'><strong>,</strong></span> 
     </span>
     <span class='ocr_line' id='line_1_18' title="bbox 191 2449 2291 2566; baseline 0.002 -46"><span class='ocrx_word' id='word_1_131' title='bbox 191 2451 414 2544; x_wconf 81' lang='lat' dir='ltr'>piter</span> <span class='ocrx_word' id='word_1_132' title='bbox 430 2449 474 2521; x_wconf 77' lang='lat' dir='ltr'><em>l</em></span> <span class='ocrx_word' id='word_1_133' title='bbox 533 2469 892 2524; x_wconf 81' lang='lat' dir='ltr'>tantamne</span> <span class='ocrx_word' id='word_1_134' title='bbox 913 2497 920 2508; x_wconf 86' lang='lat'><em>-</em></span> <span class='ocrx_word' id='word_1_135' title='bbox 939 2449 1074 2548; x_wconf 63' lang='lat' dir='ltr'>esst</span> <span class='ocrx_word' id='word_1_136' title='bbox 1117 2453 1194 2524; x_wconf 82' lang='lat' dir='ltr'>in</span> <span class='ocrx_word' id='word_1_137' title='bbox 1237 2449 1506 2524; x_wconf 79' lang='lat' dir='ltr'>homine</span> <span class='ocrx_word' id='word_1_138' title='bbox 1558 2451 1932 2550; x_wconf 78' lang='lat' dir='ltr'><em>(garrulo)</em></span> <span class='ocrx_word' id='word_1_139' title='bbox 1986 2449 2155 2551; x_wconf 81' lang='lat' dir='ltr'>insci</span> <span class='ocrx_word' id='word_1_140' title='bbox 2159 2481 2191 2513; x_wconf 62' lang='grc' dir='ltr'><strong><em>ε</em></strong></span> <span class='ocrx_word' id='word_1_141' title='bbox 2246 2523 2291 2566; x_wconf 45' lang='grc' dir='ltr'><em>Ι</em></span> 
     </span>
     <span class='ocr_line' id='line_1_19' title="bbox 210 2569 2181 2665; baseline 0.004 -24"><span class='ocrx_word' id='word_1_142' title='bbox 210 2570 398 2641; x_wconf 77' lang='lat' dir='ltr'>tiam</span> <span class='ocrx_word' id='word_1_143' title='bbox 442 2570 480 2642; x_wconf 69' lang='grc' dir='ltr'><em>Ι</em></span> <span class='ocrx_word' id='word_1_144' title='bbox 568 2570 1055 2644; x_wconf 81' lang='lat' dir='ltr'>Germanorum</span> <span class='ocrx_word' id='word_1_145' title='bbox 1087 2621 1110 2658; x_wconf 90' lang='lat'><strong>,</strong></span> <span class='ocrx_word' id='word_1_146' title='bbox 1197 2571 1241 2642; x_wconf 87' lang='lat' dir='ltr'>fi</span> <span class='ocrx_word' id='word_1_147' title='bbox 1317 2571 1555 2643; x_wconf 88' lang='lat' dir='ltr'>melius</span> <span class='ocrx_word' id='word_1_148' title='bbox 1645 2569 1872 2644; x_wconf 83' lang='lat' dir='ltr'>doceri</span> <span class='ocrx_word' id='word_1_149' title='bbox 1959 2575 2123 2649; x_wconf 83' lang='lat' dir='ltr'>velis</span> <span class='ocrx_word' id='word_1_150' title='bbox 2152 2626 2181 2665; x_wconf 86' lang='lat'>,</span> 
     </span>
     <span class='ocr_line' id='line_1_20' title="bbox 209 2689 2207 2786; baseline 0.004 -28"><span class='ocrx_word' id='word_1_151' title='bbox 209 2689 464 2761; x_wconf 90' lang='lat' dir='ltr'>evolve</span> <span class='ocrx_word' id='word_1_152' title='bbox 535 2691 1076 2786; x_wconf 65' lang='lat' dir='ltr'>Ephemeride3,„</span> <span class='ocrx_word' id='word_1_153' title='bbox 1139 2713 1209 2765; x_wconf 91' lang='lat' dir='ltr'>et</span> <span class='ocrx_word' id='word_1_154' title='bbox 1277 2695 1410 2763; x_wconf 81' lang='lat' dir='ltr'>tuis</span> <span class='ocrx_word' id='word_1_155' title='bbox 1474 2693 1613 2784; x_wconf 84' lang='lat' dir='ltr'>ipse</span> <span class='ocrx_word' id='word_1_156' title='bbox 1688 2691 1904 2766; x_wconf 88' lang='lat' dir='ltr'>oculis</span> <span class='ocrx_word' id='word_1_157' title='bbox 1970 2690 2207 2786; x_wconf 48' lang='lat' dir='ltr'>vides</span> 
     </span>
    </p>
   </div>
   <div class='ocr_carea' id='block_1_3' title="bbox 219 2801 2302 2909">
    <p class='ocr_par' dir='ltr' id='par_1_3' title="bbox 219 2801 2302 2909">
     <span class='ocr_line' id='line_1_21' title="bbox 219 2801 2302 2909; baseline 0.007 -34"><span class='ocrx_word' id='word_1_158' title='bbox 219 2828 394 2892; x_wconf 78' lang='lat' dir='ltr'>neS‚</span> <span class='ocrx_word' id='word_1_159' title='bbox 457 2831 534 2882; x_wconf 91' lang='lat' dir='ltr'>ut</span> <span class='ocrx_word' id='word_1_160' title='bbox 593 2811 809 2886; x_wconf 87' lang='lat' dir='ltr'>denuo</span> <span class='ocrx_word' id='word_1_161' title='bbox 875 2811 1092 2886; x_wconf 80' lang='lat' dir='ltr'>Tullii</span> <span class='ocrx_word' id='word_1_162' title='bbox 1137 2813 1483 2886; x_wconf 84' lang='lat' dir='ltr'>adhibeam</span> <span class='ocrx_word' id='word_1_163' title='bbox 1536 2813 1741 2885; x_wconf 85' lang='lat' dir='ltr'>verba</span> <span class='ocrx_word' id='word_1_164' title='bbox 1794 2813 1917 2909; x_wconf 72' lang='lat'>(³⁸)</span> <span class='ocrx_word' id='word_1_165' title='bbox 1950 2865 1976 2902; x_wconf 90' lang='lat'><strong>‚</strong></span> <span class='ocrx_word' id='word_1_166' title='bbox 2040 2835 2177 2889; x_wconf 80' lang='lat' dir='ltr'>non</span> <span class='ocrx_word' id='word_1_167' title='bbox 2294 2801 2302 2814; x_wconf 55' lang='lat'>⁸</span> 
     </span>
    </p>
   </div>
   <div class='ocr_carea' id='block_1_4' title="bbox 213 2923 2177 3148">
    <p class='ocr_par' dir='ltr' id='par_1_4' title="bbox 213 2923 2177 3148">
     <span class='ocr_line' id='line_1_22' title="bbox 235 2923 2175 3032; baseline 0.01 -41"><span class='ocrx_word' id='word_1_168' title='bbox 235 2923 665 3014; x_wconf 82' lang='lat' dir='ltr'>desertarum</span> <span class='ocrx_word' id='word_1_169' title='bbox 759 2932 1298 3030; x_wconf 81' lang='lat' dir='ltr'>relictarumque</span> <span class='ocrx_word' id='word_1_170' title='bbox 1394 2933 1633 3006; x_wconf 59' lang='lat' dir='ltr'>reium</span> <span class='ocrx_word' id='word_1_171' title='bbox 1703 2936 2175 3032; x_wconf 76' lang='lat' dir='ltr'>patrocinium</span> 
     </span>
     <span class='ocr_line' id='line_1_23' title="bbox 213 3039 2177 3148; baseline 0.011 -40"><span class='ocrx_word' id='word_1_172' title='bbox 213 3039 582 3140; x_wconf 80' lang='lat' dir='ltr'>suscipere</span> <span class='ocrx_word' id='word_1_173' title='bbox 609 3095 628 3126; x_wconf 86' lang='lat'><strong>‚</strong></span> <span class='ocrx_word' id='word_1_174' title='bbox 709 3071 912 3143; x_wconf 83' lang='lat' dir='ltr'>neque</span> <span class='ocrx_word' id='word_1_175' title='bbox 983 3051 1330 3126; x_wconf 80' lang='lat' dir='ltr'>hominum</span> <span class='ocrx_word' id='word_1_176' title='bbox 1438 3055 1734 3127; x_wconf 83' lang='lat' dir='ltr'>interitu</span> <span class='ocrx_word' id='word_1_177' title='bbox 1791 3055 2177 3148; x_wconf 66' lang='lat' dir='ltr'>sententias</span> 
     </span>
    </p>
   </div>
   <div class='ocr_carea' id='block_1_5' title="bbox 223 3165 2179 3386">
    <p class='ocr_par' dir='ltr' id='par_1_5' title="bbox 223 3165 2179 3380">
     <span class='ocr_line' id='line_1_24' title="bbox 231 3165 2179 3272; baseline 0.009 -39"><span class='ocrx_word' id='word_1_178' title='bbox 231 3182 506 3260; x_wconf 80' lang='lat' dir='ltr'>quoque</span> <span class='ocrx_word' id='word_1_179' title='bbox 575 3165 878 3239; x_wconf 79' lang='lat' dir='ltr'>occidere.</span> <span class='ocrx_word' id='word_1_180' title='bbox 948 3205 1024 3222; x_wconf 89' lang='lat'>—</span> <span class='ocrx_word' id='word_1_181' title='bbox 1089 3171 1306 3267; x_wconf 82' lang='lat' dir='ltr'>Quod</span> <span class='ocrx_word' id='word_1_182' title='bbox 1356 3175 1616 3246; x_wconf 78' lang='lat' dir='ltr'>tandem</span> <span class='ocrx_word' id='word_1_183' title='bbox 1664 3175 1747 3245; x_wconf 82' lang='lat' dir='ltr'>ad</span> <span class='ocrx_word' id='word_1_184' title='bbox 1785 3173 1977 3272; x_wconf 80' lang='lat' dir='ltr'>filias</span> <span class='ocrx_word' id='word_1_185' title='bbox 2027 3181 2179 3250; x_wconf 83' lang='lat' dir='ltr'>atti·</span> 
     </span>
     <span class='ocr_line' id='line_1_25' title="bbox 223 3285 2175 3386; baseline 0.009 -34"><span class='ocrx_word' id='word_1_186' title='bbox 223 3301 347 3354; x_wconf 86' lang='lat' dir='ltr'>net</span> <span class='ocrx_word' id='word_1_187' title='bbox 408 3285 985 3386; x_wconf 77' lang='lat' dir='ltr'>grandimcula53</span> <span class='ocrx_word' id='word_1_188' title='bbox 1048 3296 1267 3364; x_wconf 81' lang='lat' dir='ltr'>matris</span> <span class='ocrx_word' id='word_1_189' title='bbox 1332 3314 1439 3366; x_wconf 89' lang='lat' dir='ltr'>eas</span> <span class='ocrx_word' id='word_1_190' title='bbox 1490 3314 1563 3364; x_wconf 89' lang='lat' dir='ltr'>et</span> <span class='ocrx_word' id='word_1_191' title='bbox 1608 3297 1890 3368; x_wconf 89' lang='lat' dir='ltr'>invicem</span> <span class='ocrx_word' id='word_1_192' title='bbox 1938 3319 2175 3370; x_wconf 84' lang='lat' dir='ltr'>aemu-</span> 
     </span>
    </p>
   </div>
   <div class='ocr_carea' id='block_1_6' title="bbox 224 3391 2174 3930">
    <p class='ocr_par' dir='ltr' id='par_1_6' title="bbox 224 3391 2174 3930">
     <span class='ocr_line' id='line_1_26' title="bbox 224 3391 2174 3514; baseline 0.01 -42"><span class='ocrx_word' id='word_1_193' title='bbox 224 3403 336 3476; x_wconf 85' lang='lat' dir='ltr'>las</span> <span class='ocrx_word' id='word_1_194' title='bbox 387 3391 794 3504; x_wconf 80' lang='lat' dir='ltr'>quandoque</span> <span class='ocrx_word' id='word_1_195' title='bbox 841 3407 1084 3499; x_wconf 84' lang='lat' dir='ltr'>fuisse,</span> <span class='ocrx_word' id='word_1_196' title='bbox 1149 3413 1397 3487; x_wconf 83' lang='lat' dir='ltr'>fateor.</span> <span class='ocrx_word' id='word_1_197' title='bbox 1460 3418 1683 3488; x_wconf 82' lang='lat' dir='ltr'>matris</span> <span class='ocrx_word' id='word_1_198' title='bbox 1734 3435 1893 3488; x_wconf 85' lang='lat' dir='ltr'>vero</span> <span class='ocrx_word' id='word_1_199' title='bbox 1940 3421 2174 3514; x_wconf 81' lang='lat' dir='ltr'>expul-</span> 
     </span>
     <span class='ocr_line' id='line_1_27' title="bbox 1808 3541 2169 3640; baseline 0.011 -29"><span class='ocrx_word' id='word_1_200' title='bbox 1808 3631 1815 3640; x_wconf 17' lang='grc' dir='ltr'>ἰ</span> <span class='ocrx_word' id='word_1_201' title='bbox 2032 3541 2169 3616; x_wconf 81' lang='lat' dir='ltr'>tri-</span> 
     </span>
     <span class='ocr_line' id='line_1_28' title="bbox 307 3834 1156 3930; baseline 0.012 -22"><span class='ocrx_word' id='word_1_202' title='bbox 307 3834 420 3921; x_wconf 71' lang='lat'>(&#39;)</span> <span class='ocrx_word' id='word_1_203' title='bbox 459 3843 552 3908; x_wconf 88' lang='lat' dir='ltr'>De</span> <span class='ocrx_word' id='word_1_204' title='bbox 591 3849 726 3913; x_wconf 84' lang='lat' dir='ltr'>Nat.</span> <span class='ocrx_word' id='word_1_205' title='bbox 765 3851 954 3918; x_wconf 86' lang='lat' dir='ltr'>Deor.</span> <span class='ocrx_word' id='word_1_206' title='bbox 998 3852 1046 3916; x_wconf 87' lang='lat'>1.</span> <span class='ocrx_word' id='word_1_207' title='bbox 1089 3867 1156 3930; x_wconf 79' lang='lat' dir='ltr'>s.</span> 
     </span>
    </p>
   </div>
  </div>
 </body>
</html>
