2719 4895
223 474 588 570 percipere
666 484 971 564 magnum
1054 484 1159 537 est
1191 512 1218 551 ‚
1296 478 1549 555 quanto
1623 457 1831 553 majus
1898 458 2195 539 omnes?

223 594 452 689 Cujus
541 591 638 662 rei
728 606 939 679 tantae
1005 604 1270 676 tamque
1341 582 1624 655 difficilis
1682 582 2059 656 facultatem
2131 604 2199 657 te

219 714 672 788 consecutum
755 706 896 779 esse
977 724 1062 776 ne
1143 704 1282 798 ipse
1352 702 1623 797 quidem
1652 756 1679 793 ,
1760 725 1830 776 ut
1894 710 2190 799 opinor,

209 834 538 929 profiteri
587 826 899 901 audebis:
947 826 1242 899 secutum
1291 825 1433 899 esse
1451 876 1475 913 ‚
1520 827 1667 920 jure
1708 824 1994 917 quodam
2032 848 2193 919 prae

217 974 294 1025 te
351 954 538 1025 ferre
587 948 856 1043 poteris,
961 945 1342 1031 Summae,
1413 944 1703 1039 exempli
1752 945 1980 1035 caum,
2027 969 2197 1038 poe·

217 1076 324 1146 fin
397 1090 478 1143 et
543 1090 762 1141 rerum
831 1064 1162 1138 scientiam
1228 1066 1662 1137 men-icarum.
1775 1064 1969 1139 Hanc
2036 1088 2193 1159 pro-

215 1192 476 1277 fecto,
545 1210 620 1261 ut
685 1186 897 1259 dicam
964 1184 1148 1278 quod
1199 1185 1447 1273 senti0‚
1503 1188 1550 1259 fi
1598 1186 1915 1282 aliquam
1934 1236 1959 1275 ,
2010 1160 2200 1259 vaide

215 1314 624 1413 vulgarem
653 1310 858 1383 habes
903 1328 986 1381 -et
1061 1308 1346 1379 maxime
1394 1306 1841 1381 mediocrem.
1900 1306 1967 1378 id
2016 1304 2202 1401 quod

219 1442 295 1510 in
364 1436 656 1507 homine
729 1432 826 1504 tui
889 1428 1184 1515 ordiniS,
1249 1442 1320 1501 et
1376 1432 1489 1521 qui
1556 1428 1674 1499 fibi
1742 1426 1910 1499 adeo
1979 1428 2203 1527 sapere

226 1554 582 1641 videatur,
634 1556 835 1646 inque
884 1551 1238 1645 scriptores
1286 1546 1689 1643 quoslibet,'
1714 1544 1953 1620 Poetas
1999 1543 2199 1621 etiarn

230 1695 501 1747 veteres
519 1725 542 1761 ,
589 1674 778 1746 crisin
827 1692 1140 1745 exercere
1189 1673 1485 1767 gestiat,.
1516 1668 1951 1761 turpissimum
2004 1665 2203 1741 duco.

229 1792 352 1865 Ex
417 1784 550 1863 hac
622 1792 802 1863 enim
870 1809 1014 1863 tuae
1093 1789 1554 1862 mediocritate
1605 1785 1911 1859 scientiae
1960 1787 2205 1880 duplex

239 1914 462 1979 oritur
563 1911 880 1981 vitiorum
961 1932 1174 2005 genus
1207 1958 1232 1995 ,
1318 1909 1505 2000 quod
1587 1912 1657 1981 in
1737 1908 1989 2003 scriptis
2074 1910 2203 1981 mis

251 2044 540 2119 regnare
607 2025 830 2095 video.-
929 2028 1242 2098 Alterum
1311 2048 1455 2112 est,
1520 2048 1639 2112 ut,
1692 2032 1901 2101 invito
1944 2046 2163 2101 metro
2182 2080 2207 2116 ,

250 2140 538 2217 voculas
591 2142 722 2214 vel·
747 2140 946 2214 addas
961 2192 988 2230 ‚
1037 2142 1150 2215 vel
1199 2142 1423 2214 demas
1441 2191 1464 2228 ,
1512 2144 1623 2217 vel

821 2320 1005 2419 quod
1029 2320 1245 2418 prius
1301 2310 1546 2395 ordin'e
1598 2318 1875 2397 verbum
1926 2343 2063 2416 est,

395 2444 744 2544 posterius
771 2442 1012 2540 facias
1029 2495 1054 2535 ,
1089 2457 1523 2542 praeponens
1572 2442 1828 2532 ultima
1860 2444 2119 2543 primis
2132 2469 2163 2518 .·

249 2657 530 2732 alterum
545 2711 570 2747 ‚
640 2679 714 2732 ut
771 2659 1070 2753 quamvis
1113 2677 1250 2731 non
1301 2657 1545 2730 obesae
1590 2661 1763 2764 naris
1811 2663 1880 2732 in
1926 2660 2213 2756 odoren-

257 2775 359 2846 dis
423 2781 598 2850 vitiis
627 2830 653 2865 ‚
719 2797 936 2852 tamen
997 2783 1068 2850 in
1133 2778 1563 2862 emendandis
1626 2777 1857 2854 Poetis
1904 2783 2207 2858 miserum

261 2890 458 2982 saepe
521 2896 590 2963 in
649 2897 942 2969 moduni⁸
987 2895 1431 2970 halueineris.·
1532 2898 1742 2998 Qu'od
1807 2923 1893 2974 ne
1959 2922 2209 2977 temere

257 3029 376 3084 aut
422 3030 514 3105 εις
556 3011 786 3086 invidia
833 3015 1068 3089 dixisse
1121 3020 1425 3108 censear,
1498 3023 1621 3094 tria
1668 3021 1932 3096 afferam
1979 3045 2209 3098 exem-

258 3131 428 3226 pla²
493 3151 700 3222 eaque
748 3153 892 3204 non
930 3135 1229 3227 aliunde,
1299 3139 1413 3210 sed
1462 3161 1553 3212 ex
1602 3142 1739 3233 ipsa
1783 3145 1907 3217 hac
1955 3165 2215 3238 postre-

256 3255 366 3326 mfi
439 3272 593 3326 tuae
652 3251 1117 3328 Bibliothecae
1177 3257 1371 3330 Parte
1442 3259 1809 3355 depromta.
1924 3261 2213 3340 Primum
2294 3291 2299 3298 ·

247 3396 356 3448 est
401 3377 576 3452 illud
625 3374 967 3474 Horatii,
1021 3382 1216 3476 cujus
1263 3385 1521 3460 verbaz

993 3579 1174 3681 caps
1157 3583 1200 3655 ἃ
1233 3597 1597 3682 porrectus
1654 3525 1897 3690 aperti
1912 3619 1941 3667 ,·
1988 3629 2005 3642 =

2138 3801 2212 3852 tu
