2719 4895
1032 364 1079 453 <
1182 380 1322 471 {133
1427 358 1498 459 )'
1591 392 1669 465 ,-

234 531 261 569 ⁷
278 512 657 659 ‚clementer
696 555 811 631 -de
880 554 1021 629 illis
1100 557 1128 653 j
1136 556 1412 633 udicare
1479 556 1751 633 tandem
1830 560 2211 651 cessaretis.

346 776 448 879 'C
468 831 539 883 1..
643 806 800 881 Nos
854 804 1139 899 quidem
1186 828 1273 880 ex
1306 828 1530 903 aequo
1571 805 1961 904 judicamus
1981 857 2007 894 ,
2060 804 2208 879 He·

274 931 519 1005 morti.
622 930 739 1025 Tu
788 951 953 1003 vero
972 977 999 1016 ,
1050 952 1184 1023 pro
1231 928 1548 1028 fingulari
1601 954 1726 1005 tuo
1775 952 1938 1027 erga
1983 929 2208 1003 Soda-

262 1054 385 1127 ·1es
444 1074 720 1142 amore,
794 1072 992 1151 aegre
1048 1050 1231 1125 ferre
1285 1054 1542 1126 videris
1563 1104 1590 1143 ,
1641 1050 2070 1147 multiplices
2119 1052 2210 1125 il-

272 1176 511 1271 lorum
574 1200 617 1247 a
666 1177 877 1249 nobis
948 1196 1215 1246 errores
1274 1160 1560 1269 detegi,
1637 1180 2208 1268 iniquitatemque

271 1318 357 1371 ac
416 1297 726 1373 fallacias
782 1295 1221 1370 manifestari.
1324 1294 1550 1393 Quod
1577 1314 1866 1383 tamen,
1916 1296 2042 1367 nifi
2088 1318 2212 1368 ne·

266 1422 647 1495 cessarium
667 1469 693 1506 ‚
744 1440 933 1491 certe
986 1418 1426 1489 utilisfimum
1481 1417 1842 1506 ducimus,
1894 1440 1984 1491 ne
2038 1418 2214 1512 quid

260 1542 667 1647 detrimenti
709 1537 1225 1639 adolescentum
1280 1535 1501 1611 studia
1541 1541 1833 1633 capiant.
1939 1540 2210 1639 Quam·

259 1686 471 1759 quam
529 1664 715 1735 enim
775 1661 923 1754 ipsa
960 1632 1248 1755 quidem
1303 1661 1530 1737 Patria
1589 1687 1721 1763 nos
1776 1686 1922 1739 non
1981 1671 2207 1765 magis

258 1808 473 1881 quam
506 1784 683 1859 alios
716 1786 1169 1875 obtestatur,
1196 1785 1421 1860 officii
1459 1807 1688 1861 tamen
1711 1786 1948 1859 suadet
1983 1792 2206 1878 ratio,

243 1890 357 1986 'ne
404 1910 692 2005 illorum
730 1906 976 2007 studia
1017 1926 1109 1981 ac
1146 1908 1474 2003 judicia,
1527 1928 1582 1981 a
1620 1907 2206 2007 thenbachio‚

260 2037 555 2133 ejusque
614 2034 873 2127 ineptis
916 2029 1325 2105 satellitibus
1342 2083 1369 2120 ‚
1424 2032 1911 2109 barbarismos
1924 2083 1951 2122 ,
1983 2031 2199 2128 soloe-

262 2159 507 2237 cismos
524 2210 550 2247 ‚
603 2176 969 2253 omnesque
1021 2175 1272 2229 rerum
1339 2174 1414 2230 et
1485 2157 1861 2231 verborum
1919 2178 2197 2235 errores
2324 2146 2330 2151 ’

244 2283 751 2387 spargentibus
772 2332 799 2371 ‚
848 2280 1321 2385 corrumpi
1256 2276 1576 2375 sinamus
1623 2279 1746 2375 (*).

357 2535 452 2609 Μ
468 2556 515 2610 z
530 2553 601 2608 e.
726 2533 912 2609 Vera
984 2529 1338 2641 praedicas
1373 2579 1400 2618 ,
1487 2532 1758 2608 Clinia.
1876 2533 2192 2614 Omnino

258 2679 575 2735 nostrum
628 2677 785 2744 est,
837 2674 917 2728 ut
976 2655 1323 2729 bonorum
1379 2656 1688 2746 civium,
1740 2657 1908 2732 huic
1965 2659 2192 2749 malo,

225 2803 601 2880 ·quantum
655 2778 941 2874 quidem
1020 2779 1431 2873 possumus,
1479 2780 1754 2856 obviam
1804 2786 1950 2872 ire,
2019 2787 2192 2860 isto-

258 2927 553 3002 rumqne
614 2904 971 2977 hominum
1040 2901 1357 2978 notandis
1425 2906 1784 2979 erroribus
1804 2958 1830 2995 ,
1904 2904 2186 3004 ca'verefl,
2271 2915 2280 2922 ⁴

256 3055 348 3108 ne
371 3081 397 3124 ,
465 3021 589 3125 qui
660 3027 918 3102 Literis
994 3049 1275 3122 operam
1342 3047 1632 3115 navant,
1702 3028 2186 3108 adolescentes

253 3161 513 3234 horum
638 3151 1024 3225 afficiantur
1151 3147 1630 3241 exemplorum
1733 3160 2180 3249 contagione,

254 3277 663 3356 Mahm‘am'
700 3294 921 3347 tamen
954 3269 1259 3377 exempli
1310 3273 1792 3365 contagionem
1812 3323 1836 3360 ,
1888 3274 1937 3345 fi
1985 3276 2184 3367 quod

244 3427 371 3505 res
422 3422 535 3478 est
572 3399 813 3478 dicere
870 3390 1119 3488 liceat,
1172 3415 1313 3471 non
1351 3413 1459 3472 est
1509 3393 1706 3490 quod
1766 3417 2176 3498 magnopere

2036 3543 2180 3598 me·

324 3811 447 3892 (†)
480 3817 673 3894 Epist.
712 3810 867 3878 sod.·
899 3812 1138 3876 Praefat-
1172 3829 1237 3978 Ῑί.
1272 3827 1371 3890 44·

1270 3925 1313 4000 3
1616 3935 1640 3980 'N
