2719 4895
311 446 389 511 P.
409 440 530 509 lv,
556 434 733 510 car.
762 438 877 507 111.
916 438 1037 507 DE
1082 436 1548 507 ERRoRuM
1571 438 1930 509 FONTm.
1977 456 2122 527 253.

1046 623 1117 719 ς.
1222 649 1289 699 2.

772 784 1159 877 Peculiaris
1188 802 1590 899 explicatio·

182 1078 191 1085 ,
327 986 383 1063 l.
424 991 647 1085 Atque
664 1010 779 1075 ‚ut
809 990 892 1061 de
928 990 1149 1080 primo
1186 1006 1428 1082 genere
1454 985 1794 1069 dicamus,
1821 996 1958 1053 non
2007 978 2122 1051 so·

222 1111 367 1182 lum
408 1108 521 1181 ille
554 1130 721 1199 errat
742 1159 768 1199 ,
811 1110 1095 1203 quirem
1124 1104 1341 1178 falsam
1377 1126 1504 1196 pro
1523 1124 1716 1187 vera,
1743 1118 1858 1173 aut
1883 1115 2136 1183 veram,
2181 1083 2192 1105 ’

224 1249 362 1321 pro
388 1228 543 1300 falsa
576 1231 775 1301 habet
805 1252 823 1297 τ
856 1227 963 1299 sed
988 1226 1291 1319 quisquis
1309 1223 1562 1296 verum
1582 1221 1864 1314 quidem
1886 1236 2108 1300 tenet,

220 1348 339 1420 sed
394 1350 478 1420 ad
523 1348 687 1419 illud
735 1348 893 1420 falsa
950 1346 1458 1449 ratiocinatione
1509 1364 1577 1413 et
1626 1347 1730 1415 via
1771 1338 2110 1435 pervenit.

227 1464 636 1559 Quicunque
684 1488 843 1540 vero
879 1465 1309 1561 cognoscendi
1346 1464 1778 1562 neglt’gentia
1823 1464 1890 1530 in
1929 1477 2116 1531 erro·

164 1660 181 1671 ,
222 1605 365 1655 rem
398 1586 667 1671 incidit,
688 1589 743 1656 is
766 1586 849 1656 ab
880 1588 959 1657 iis
990 1585 1317 1657 aberravit
1345 1583 1652 1677 legibus,
1687 1601 1855 1676 quae
1884 1580 2112 1649 hactee

224 1722 351 1771 nus
368 1723 487 1803 per
503 1720 709 1770 totam
728 1699 1138 1771 Dialectices
1172 1700 1625 1785 tractationem
1650 1700 1916 1767 traditae
1947 1693 2114 1764 sunt.
2229 1681 2245 1687 ⁶
2297 1776 2308 1793 ,

214 1874 219 1881 .
333 1814 423 1886 11.
460 1814 795 1909 Voluntas
822 1834 980 1886 vero
1000 1813 1410 1885 erfianamra
1435 1817 1524 1883 ita
1566 1832 1668 1885 est
1687 1830 2116 1906 comparata,

230 1954 311 2007 ut
340 1952 573 2005 verum
588 1950 907 2025 appetem·
926 1930 1289 2025 salsumque
1316 1908 1644 2004 aversetur
1670 1957 1696 2018 .·,
1727 1950 1944 2001 tamen
1977 1950 2114 2003 non

232 2073 374 2125 uno
412 2049 617 2123 modo
670 2051 1263 2143 quafiinmorbum
1293 2051 1552 2122 incidit..
1599 2050 1754 2123 Hoc
1798 2051 2118 2141 inprimis

232 2193 273 2241 a
316 2171 578 2243 duobus
604 2172 778 2241 vitiis
830 2168 943 2240 fita
988 2168 1204 2241 altero
1256 2167 1654 2266 Pt'grt‘tiae,
1707 2190 1920 2261 utper
1944 2172 2114 2239 iner-

233 2294 389 2360 tiam
408 2290 737 2381 animique
762 2286 1203 2359 remisfionem
1232 2289 1299 2358 in
1338 2289 1619 2381 quadam
1653 2272 1970 2381 opinione
1999 2308 2120 2357 ac·

232 2386 699 2505 quiescamus,
756 2429 891 2480 non
926 2408 1111 2502 quod
1146 2430 1291 2479 eam
1334 2430 1464 2502 pro
1498 2430 1675 2483 certa
1703 2408 2058 2480 habeamus
2083 2455 2114 2495 ,

237 2531 345 2600 sed
376 2529 561 2622 quod
590 2527 1009 2622 probabilior
1024 2528 1204 2600 nulla
1224 2529 1288 2599 se
1320 2527 1518 2606 nobis
1551 2517 1820 2613 offerat,
1865 2549 1932 2597 et
1959 2528 2118 2598 Veri

236 2651 504 2744 penitus
548 2647 929 2720 excutiendi
968 2624 1265 2720 laborem
1284 2647 1730 2742 refugiamus:
1763 2648 1972 2718 altero
1987 2643 2122 2718 Su·

222 2769 559 2874 petjbiae,
581 2789 737 2841 cum
784 2790 885 2840 res
932 2766 1039 2838 vel
1072 2765 1369 2839 difficiles
1399 2765 1500 2836 vel
1537 2767 1893 2878 populares
1909 2765 2120 2836 solum

237 2903 367 2979 pro
408 2885 577 2950 veris
612 2885 967 2954 habeamus
992 2932 1017 2966 ‚
1051 2884 1237 2974 quod
1272 2907 1392 2974 per
1423 2904 1532 2952 eas
1559 2905 1683 2954 nos
1715 2886 1994 2954 maxime
2011 2905 2126 2954 os·

240 3020 485 3074 tentare
499 3017 695 3092 atque
722 2999 973 3092 jactare
1034 3001 1379 3092 posfimus.
1433 2997 1562 3070 Est
1588 3023 1870 3092 quoque
1891 3003 2130 3074 eafere·

237 3119 615 3200 communis
666 3117 1013 3188 hominum
1077 3114 1378 3201 indoles,
1425 3134 1500 3185 ut
1549 3120 1828 3212 quisque
1861 3139 1969 3188 eas
2015 3139 2122 3190 res

242 3237 555 3320 facillime
591 3237 871 3330 probet,
895 3234 1137 3330 quibus
1174 3237 1458 3304 maxime
1475 3233 1860 3308 delectatur.
1897 3235 2128 3327 Unde,

242 3379 394 3432 cum
434 3357 579 3428 aliis
619 3359 830 3444 vitiis,
878 3357 1167 3427 nascitur
1200 3353 1655 3460 Pertinacia?
1710 3358 1994 3445 vitium3
2047 3379 2126 3432 ut

248 3496 455 3570 turpe·
473 3476 669 3548 nobis
694 3495 763 3547 et
807 3475 1228 3554 inhonestum
1256 3472 1574 3547 ducamus
1592 3527 1617 3564 ‚
1645 3476 2126 3550 asententiare-

242 3597 514 3686 cedere,
534 3617 741 3695 ‘quam
769 3593 965 3669 semel
1002 3595 1289 3687 amplexi
1318 3594 1540 3667 sumus
1569 3614 1638 3667 et
1682 3594 2114 3672 defendimus,

338 3714 463 3788 111.
511 3713 1010 3809 Nonnunquam
1032 3709 1339 3816 corporis
1380 3715 1552 3785 vires
1595 3735 1732 3788 non
1785 3737 1936 3811 apte
1977 3719 2128 3790 sunt

247 3831 326 3902 ad
340 3834 497 3907 Veri
543 3835 999 3930 cognitionem
1037 3852 1469 3928 temperatae:
1501 3855 1658 3907 cum
1705 3855 1816 3906 aut
1842 3839 1932 3910 ita
1957 3839 2130 3910 inci·

251 3969 387 4021 tant
430 3949 773 4042 Mentem,
817 3972 895 4025 ut
927 3954 1139 4026 nimio
1200 3955 1457 4047 impetu
1478 4003 1502 4040 ,
1556 3973 1861 4049 tanquam
1916 3953 2126 4028 telum

251 4087 502 4162 praeter
534 4071 849 4168 scopum,
882 4074 970 4148 lic
1002 4073 1141 4188 ipsa
1173 4093 1432 4169 praeter
1465 4079 1805 4150 veritatem
1837 4075 2125 4156 feraturz

2015 4218 2128 4270 aut
