2719 4895
1421 370 1799 477 (16)

631 557 765 663 que
827 568 1214 660 verborum,
1271 561 1350 647 'in
1418 575 1885 672 fignificatione
1926 582 2141 653 ,etiam
2185 592 2471 677 κωπῆς
2520 592 2553 661 ἃ

633 692 912 765 senfibus
979 696 1255 769 maxime
1329 695 1791 785 abducturum,
1858 700 1902 771 fi
1952 723 2091 775 non
2119 700 2435 801 semper,
2493 730 2553 782 at

552 885 560 891 ,
611 814 1057 911 plerumque,
1121 834 1497 886 accuratum
1546 838 1617 889 et
1662 818 1743 889 ad
1792 818 2163 895 Latinitatis
2204 828 2551 901 consuetu-

625 934 844 1005 dinem
911 933 1324 1026 formamqu'e
1393 936 1671 1008 mirifice
1716 938 2223 1015 accomodatum
2242 939 2293 1030 ς’
2326 950 2423 1019 ab
2468 949 2550 1021 al·

555 1062 562 1068 ’
628 1054 803 1142 tera,
867 1054 1084 1125 facere
1144 1077 1280 1126 non
1339 1054 1601 1147 possum
1626 1106 1648 1140 ,
1715 1061 1877 1149 quin
1944 1080 2123 1135 tuam
2186 1064 2271 1137 de
2318 1090 2545 1142 recen-

625 1173 793 1245 tiore
876 1171 986 1246 illa
1048 1169 1477 1267 Philosophia
1540 1173 2149 1253 sermocinationem
2218 1206 2381 1259 cum
2460 1194 2542 1261 in·

621 1292 897 1365 condito
965 1295 1403 1385 imperitoque
1452 1298 1695 1390 garritu
1748 1317 2136 1389 comparem
2178 1307 2543 1397 pistricium

624 1411 1124 1485 tabernariarum
1148 1462 1172 1492 ,
1218 1416 1286 1485 in
1333 1414 1497 1487 foris
1542 1435 1613 1486 et
1666 1421 1976 1511 compitis
2024 1418 2385 1499 sedentium
2408 1478 2437 1514 ,
2478 1446 2544 1497 et

619 1534 688 1602 in
757 1530 1175 1625 sartaginibus
1229 1554 1490 1625 popana
1538 1542 2007 1628 coquentium:
2070 1566 2225 1617 cum
2273 1566 2545 1638 quarum

509 1684 514 1689 ·
615 1648 974 1723 mulierum
1021 1652 1338 1745 negotio..
1406 1654 1559 1740 tibi,-
1596 1654 1846 1745 faceto
1892 1661 2029 1732 esse
2073 1664 2359 1753 volenti,
2432 1686 2549 1737 ca·

625 1770 1048 1868 tegor-iarum
1081 1819 1103 1854 ‚
1187 1790 1226 1837 a
1289 1766 1549 1843 Kantio
1612 1774 2068 1865 explicitamm
2103 1831 2127 1866 ‚
2192 1782 2297 1853 sed
2372 1804 2411 1851 a
2482 1802 2545 1854 te

619 1893 836 1963 minus
897 1884 1373 1959 intellectarum
1406 1940 1430 1976 ‚
1496 1896 1837 1987 negotium
1874 1934 1899 1982 φ
1983 1898 2253 1969 honoria
2310 1901 2549 1987 cauffl,

621 2028 1002 2105 comparare
1049 2008 1317 2101 placuit.
1416 2007 1583 2103 Justi
1636 2013 1944 2103 equidem
2014 2014 2157 2087 libri
2204 2016 2541 2084 materiam

619 2133 928 2207 haberem
946 2184 969 2220 ‚
1003 2152 1181 2204 tuam
1207 2126 1292 2202 ad
1324 2127 1723 2223 Lyndenum
1748 2137 2137 2236 epistolam,
2166 2138 2546 2231 paginarum

611 2272 891 2329 numero
923 2306 946 2340 ‚
1027 2252 1232 2348 longe
1299 2250 1637 2347 longeque
1699 2256 2097 2348 superaturi,
2189 2261 2235 2329 fi
2314 2274 2549 2329 cuncta

614 2377 874 2470 prolixe
925 2364 1258 2445 recensere
1310 2394 1746 2463 accurateque
1792 2393 2019 2443 notare
2070 2374 2305 2442 vellem
2327 2421 2350 2458 ‚
2402 2378 2547 2465 qui-

619 2494 744 2568 bus
791 2513 856 2564 te
907 2496 1180 2586 turpiter
1221 2491 1497 2576 dedisti,
1562 2511 1630 2562 et
1676 2489 2057 2576 Kantion»,
2126 2492 2542 2587 novitiaeque
2635 2505 2637 2522 ³

621 2611 944 2687 formulae
1013 2612 1361 2686 sectatores
1380 2665 1402 2700 ‚
1452 2631 1622 2703 quos
1673 2629 1871 2681 vocas
1892 2661 1915 2696 ,
1968 2608 2007 2682 a
2056 2631 2121 2683 te
2170 2593 2306 2686 non
2354 2615 2537 2688 intel-

619 2733 828 2806 lectos
877 2735 1011 2805 esse
1031 2787 1053 2816 ,
1121 2733 1443 2827 probasti.
1548 2729 1683 2802 Sed
1730 2751 1863 2801 non
1914 2753 2091 2823 opus
2139 2734 2277 2804 esse
2324 2733 2537 2816 duco,

619 2872 697 2924 ut
761 2852 982 2924 multis
1041 2854 1256 2927 verbis
1321 2862 1503 2938 utar,
1574 2849 1815 2941 quibus
1864 2870 1931 2920 te
1978 2852 2045 2922 i‘n
2095 2855 2373 2926 maxima
2422 2856 2533 2938 rei,

622 2991 851 3046 contra
897 2954 1116 3066 quam'
1143 2974 1521 3066 disputasti,
1578 2953 1995 3066 ignoratione
2040 2971 2281 3042 versari
2330 2992 2532 3046 osten·

621 3092 794 3166 dam.
895 3089 1134 3186 quue
1185 3097 1403 3164 minus
1449 3092 1586 3164 hoc
1636 3089 1901 3162 necesse
1950 3090 2247 3179 videtur,
2308 3093 2355 3164 fi
2404 3097 2531 3184 qui³
2635 3111 2637 3124 ¹

619 3213 768 3286 dem
847 3211 1280 3308 plurimorum
1317 3263 1340 3298 ,
1410 3232 1583 3302 quos
1666 3211 1791 3282 hac
1857 3214 1925 3283 in
1992 3233 2062 3284 te
2132 3215 2533 3296 commisisti,

617 3359 910 3410 errorum
959 3337 1310 3432 praecipua
1352 3355 1545 3425 pars,
1606 3333 1981 3422 nuperrime
2032 3331 2265 3424 (initio
2308 3349 2535 3424 nempe

619 3459 850 3528 mensis
896 3460 1201 3550 proxime
1251 3451 1757 3547 praeterlapii)‚·
1822 3473 1859 3523 a
1909 3451 2196 3541 quodam
2250 3451 2530 3525 censore

619 3574 896 3669 Belgico
933 3629 960 3664 ‚
1054 3581 1282 3648 harum
1371 3575 1699 3674 literarum
1781 3569 2179 3665 peritisfimo'
2202 3625 2226 3662 ‚
2318 3573 2527 3647 sedulo

619 3693 850 3767 notata
925 3695 1254 3789 docteque
1347 3693 1735 3789 reprehensa
1817 3693 1959 3767 fuit.
2099 3691 2309 3790 Quod
2388 3693 2532 3770 'nul-

619 3817 721 3892 lus
806 3816 1039 3890 dubito
1070 3868 1093 3905 ‚
1179 3822 1337 3912 quin
1404 3817 1487 3886 ad
1553 3834 1725 3904 tuam
1794 3817 2093 3890 notitiam
2158 3820 2535 3910 pervenerin

2404 3923 2537 4012 crta
