2719 4895
532 430 677 504 DE
768 422 1596 518 TESTIMONIO.
1904 436 2038 533 195.
2115 454 2140 477 ο

188 606 190 609 ⁴
237 623 451 724 Quod
468 618 733 695 mihiab
750 616 897 689 aliis
914 616 1303 689 hominibus
1330 615 1632 699 refertur,
1649 628 1877 683 verum
1896 623 2022 693 est,
2124 704 2128 709 y

182 744 555 839 Trojam,
630 760 689 814 v.
726 759 789 809 c.
774 786 835 823 .,
905 757 944 806 a
995 732 1271 809 Graecis
1346 752 1606 826 captam
1659 728 1838 816 esse,
1935 724 2052 797 ab

240 860 385 933 ali1s
421 860 609 930 mihi
621 858 1005 929 hominibus
1062 850 1363 925 refertur.

242 978 333 1053 E.
384 978 637 1059 Verum
670 997 810 1062 est,
858 974 1129 1069 Troiam
1160 994 1198 1043 a
1229 972 1519 1045 Graecis
1561 982 1820 1063 captam
1869 906 2028 1039 esse.

67 1225 75 1237 .
252 1130 628 1227 Propofitio
685 1127 923 1202 multas
985 1128 1325 1216 variasque
1398 1120 1594 1190 habet
1651 1122 2035 1207 cautiones,

31 1300 43 1313 ·
147 1256 396 1352 quibus
446 1254 690 1349 regitur
745 1248 1063 1321 indicium
1120 1246 1189 1315 in
1233 1243 1418 1313 testis
1477 1238 1644 1311 Fide
1691 1236 2042 1331 exploran-

148 1374 253 1447 da.
306 1373 654 1446 Assumtio
686 1366 991 1440 latisfime
1042 1380 1221 1457 patet
1259 1364 1326 1457 in
1387 1356 1686 1431 Historia
1713 1409 1738 1446 ‚
1789 1377 2040 1431 ercon-

152 1494 398 1568 ti'netur
451 1486 709 1587 judicio
758 1488 841 1561 de
894 1486 1166 1586 veritate
1232 1488 1815 1559 monumentorum
1844 1530 1868 1566 ,
1918 1498 2036 1549 eo·

155 1632 432 1708 rumque
495 1628 671 1682 recta
718 1605 1280 1699 interpretatione.
1352 1596 1596 1695 Neque
1631 1620 1844 1671 tamen
1881 1596 2040 1671 haec

155 1730 501 1804 difficultas
542 1726 861 1818 impedit,
911 1744 1051 1815 quo
1101 1725 1318 1791 minus
1379 1720 1578 1791 Fides
1608 1716 1911 1809 proxime
1959 1716 2040 1789 ad

122 1842 687 1929 .Mathematicae
711 1840 1075 1913 evidentiae
1118 1840 1253 1909 vim
1290 1837 1606 1907 accedere
1654 1836 1878 1927 posfit.
1911 1836 2060 1907 Ve-'

159 1968 281 2039 luti
333 1964 511 2060 apud
550 1983 727 2047 εοε,
790 1962 907 2054 qui
956 1958 1243 2051 aliquem
1292 1952 1623 2027 Historiae
1683 1955 1869 2028 usum
1933 1958 2050 2029 ha·

160 2086 364 2167 beot,
438 2102 569 2154 tam
631 2080 815 2152 firma
889 2096 994 2148 est
1065 2074 1265 2146 Fides
1320 2070 1607 2167 Julium
1683 2072 2050 2172 Caesarem

146 2172 375 2279 fidisse
391 2229 418 2266 ,
464 2200 660 2273 quam
724 2174 909 2247 firma
943 2194 1045 2245 est
1076 2172 1369 2243 Scientia
1419 2170 1880 2269 Triangulum
1912 2176 2052 2251 tri·

163 2300 286 2371 bus
326 2299 527 2371 lineis
571 2288 985 2390 descriptum
1016 2294 1173 2379 esse.

991 2463 1059 2554 §.
1168 2483 1239 2535 ε.

702 2606 817 2682 De
844 2611 1101 2708 formis
1136 2607 1556 2684 Testimonii.
1587 2647 1592 2652 ·

278 2763 509 2860 Itaque
566 2789 723 2838 cum
782 2765 987 2860 longe
1039 2745 1398 2836 minimam·
1432 2787 1688 2859 partem,
1730 2768 2060 2864 cognitio-

178 2889 283 2955 nis
324 2904 587 2956 nostrae
634 2885 749 2976 ipfi
798 2885 1035 2956 nostris
1072 2883 1382 2958 Sensibus
1431 2887 1798 2958 hauriamus
1833 2939 1857 2972 ‚
1899 2910 2064 2961 con·

180 3025 279 3077 tra
316 3005 521 3098 longe
556 3005 899 3072 maximam
936 3003 1076 3095 ejus
1123 3022 1371 3094 partem
1416 3003 1692 3074 aliorum
1751 3005 1915 3077 Fide
1953 3030 2070 3079 ac·
2141 3053 2148 3058 -

181 3126 566 3218 cipiamus3·
604 3141 849 3213 operae
882 3123 1165 3212 pretium
1217 3141 1317 3192 est
1350 3142 1800 3216 cognoscere,
1867 3147 2066 3218 quam
2166 3179 2170 3184 .

186 3247 511 3315 rationem
550 3243 853 3332 viamque
893 3243 957 3310 in
1003 3241 1135 3312 hoc
1173 3239 1432 3334 judicio
1464 3239 1646 3334 sequi
1697 3241 2069 3318 debeamus.

185 3357 282 3436 Et
316 3364 613 3458 primum
672 3359 941 3453 quidem
992 3357 1388 3430 Testimonii
1422 3408 1444 3443 ,
1526 3379 1831 3453 tanquam
1868 3380 2070 3458 gene·

184 3486 318 3570 ris,
373 3481 620 3555 formas
662 3499 1095 3571 exponemus·
1198 3475 1449 3586 Eurum
1511 3480 1723 3571 prima
1756 3527 1782 3566 ,
1859 3498 2066 3574 eaque

184 3599 403 3701 ionge
444 3597 957 3692 frequentisfima
1000 3617 1099 3696 est
1140 3599 1508 3682 narratio,
1559 3617 1727 3689 quae
1779 3599 1846 3669 in
1887 3621 2075 3672 com-

190 3723 385 3822 muni
414 3719 757 3791 hominum
792 3715 909 3788 usu
962 3735 1032 3788 et
1074 3716 1468 3809 quotidiano
1521 3717 1817 3789 sermone
1869 3725 2086 3796 versa·
2191 3793 2198 3800 .

194 3853 335 3907 tur:
390 3836 593 3909 altera
640 3855 738 3907 cst
775 3855 1005 3908 eorum
1038 3883 1061 3918 ‚
1107 3839 1225 3929 qui
1261 3837 1398 3906 rem
1437 3837 1783 3936 injudicio
1814 3839 2080 3913 edicunt

198 3953 311 4025 vel
372 3957 747 4051 interpofita
800 3954 1218 4051 jurisjurandi
1275 3953 1596 4050 religione
1616 4005 1654 4038 ,,
1707 3955 1813 4028 vel
1872 3958 2084 4037 libere

204 4071 467 4170 impulfl
490 4125 517 4164 ,
562 4075 669 4150 vel
725 4073 1432 4265 necestitateNadducti
1455 4097 1480 4146 τ
1555 4079 1742 4149 tertia
1798 4079 2089 4152 cernitur

1242 4189 1285 4264 ἀ
1762 4239 1774 4244 -
2027 4195 2098 4270 in
