2719 4895
929 275 1358 447 (3⁹)-

121 561 400 646 tempus
463 563 659 637 atque
710 539 1020 641 spatium
1087 537 1513 638 transgressus
1526 589 1551 626 ,
1608 563 1688 614 ac
1734 543 1781 614 fi
1828 563 1897 618 et
1944 547 2069 620 hae

97 667 394 768 formae
435 665 523 738 ad
571 663 950 761 categorias
999 665 1324 756 pertinere
1376 662 1591 752 aliqua
1626 665 1879 734 ratione
1912 687 2072 757 pos-

110 791 302 874 sent,
350 807 658 878 tanquam
707 785 792 856 de
829 781 1088 858 Kantio
1125 785 1566 875 triumphum,
1616 781 1807 854 stulte
1848 783 2071 857 excla-

113 929 312 980 masz
379 903 556 1002 Jam
605 899 752 1001 ipsa
795 903 1146 1002 categoria
1169 899 1391 998 spatii
1434 923 1645 995 quam
1694 903 1867 978 mire
1906 929 2067 978 con-

95 1025 440 1122 formata
499 1040 600 1096 est
618 1027 648 1094 !
707 1021 1060 1094 manifesto
1126 1021 1272 1092 sane
1335 1021 1587 1096 indicio
1619 1075 1643 1108 ‚
1694 1043 1762 1096 te
1810 1025 2067 1118 prorsus

113 1147 386 1218 nescire
407 1194 431 1231 ‚
501 1159 566 1216 et
634 1141 794 1234 quid
857 1140 1159 1216 Kamius
1223 1164 1346 1236 per
1400 1146 1785 1242 categorias
1828 1145 2073 1218 intelli·

113 1285 286 1363 gat,
338 1279 412 1336 et
456 1283 596 1355 quo
643 1260 1064 1335 fundamento
1111 1283 1336 1338 earum
1386 1265 1761 1338 distributio
1807 1265 2069 1358 quadri·

111 1387 362 1480 partita
423 1383 703 1468 nitatur,
770 1397 838 1453 et
901 1381 1066 1484 quid
1133 1381 1430 1456 differant
1486 1409 1523 1456 a
1560 1383 1807 1480 fhrmis
1855 1386 2073 1460 intui·

115 1507 380 1580 tionum
419 1495 868 1599 sensibilium.
967 1501 1130 1576 Uno
1193 1507 1405 1578 verbo
1420 1555 1449 1592 ,
1514 1524 1733 1580 totum
1798 1507 1932 1580 hoc
1980 1507 2067 1578 de

122 1621 490 1720 categoriis
537 1639 784 1714 caput,
849 1639 918 1696 et
965 1621 1150 1714 quod
1197 1621 1282 1696 de
1335 1612 1715 1718 ἐννοιογοιέίῳ
1766 1647 2067 1702 naturae

119 1743 426 1816 addidisti
445 1791 473 1829 ‚
541 1741 634 1814 ita
693 1763 737 1814 a
797 1746 864 1814 te
911 1762 1252 1816 tractatum
1301 1765 1443 1834 est,
1492 1767 1566 1818 ut
1610 1769 1746 1820 non
1794 1769 2062 1842 putem,

129 1887 166 1936 a
209 1879 544 1955 quoquam
563 1911 588 1950 ,
653 1879 878 1934 rerum
926 1865 1186 1956 perito,
1255 1861 1397 1960 legi
1441 1865 1677 1959 posse,
1742 1873 1901 1960 quin
1945 1869 2065 1944 fibi

137 1983 544 2058 decantatum
595 1979 762 2054 illud
813 1979 1099 2058 Horatii
1143 1987 1214 2058 in
1261 2006 1551 2059 mentem
1600 2009 1840 2062 vocet:

335 2204 652 2281 Humano
695 2207 912 2315 eapiti
955 2207 1280 2282 cervicem
1305 2207 1539 2304 pictor
1582 2209 1905 2302 equinam

312 2325 616 2426 Jungere
649 2325 719 2421 si
757 2328 966 2417 velit,
1017 2347 1149 2400 etc.

315 2447 712 2547 Spectatum
755 2444 1040 2544 admissi
1078 2442 1296 2543 rilitm
1343 2447 1635 2532 teneatis
1656 2496 1679 2535 ‚
1726 2449 2013 2527 Amici?

219 2690 572 2764 Caeterum
599 2738 624 2777 ,
694 2685 892 2785 aeg're
953 2688 1125 2761 ferre
1176 2686 1414 2761 videris
1432 2736 1457 2773 ,
1516 2686 1889 2765 Rationem
1923 2705 2063 2786 pu.

137 2833 284 2885 ram
312 2863 337 2901 ‚
399 2805 768 2885 secundum
834 2806 1176 2883 Kantium
1193 2862 1217 2897 ‚
1277 2809 1447 2881 ultra
1510 2809 1674 2883 fines
1718 2814 2063 2905 experien-

145 2933 296 3019 tiae,
356 2934 437 3005 ad
501 2953 648 3021 res,
716 2953 885 3023 quae
949 2931 1234 3003 senfibus
1301 2934 1606 3025 corporis
1665 2934 1901 3029 attingi
1945 2954 2065 3003 ne·

139 3072 402 3141 queant,
453 3051 772 3149 progredi
822 3050 1317 3147 haudquaquam
1364 3052 1597 3143 posset,
1667 3071 1735 3125 et
1778 3054 2059 3147 proinde

129 3174 640 3269 gravissimorum
680 3158 1062 3269 dogmatum
1079 3224 1106 3262 ‚
1143 3171 1431 3247 Divinae
1462 3172 1751 3247 Naturae
1780 3196 1861 3247 ac
1894 3173 2061 3247 Pro·

129 3293 436 3367 videmiae
455 3346 484 3385 ‚
523 3294 856 3395 ‘libertatis
902 3314 1096 3385 atque
1137 3293 1645 3367 immortalitatis
1692 3298 2059 3395 anijnorum

127 3434 496 3488 nostrorum
530 3464 556 3503 ,
647 3412 1105 3509 probationem
1128 3464 1152 3501 ‚
1231 3436 1369 3487 non
1408 3427 1639 3508 purae
1692 3410 2055 3503 Rationis,

113 3530 248 3624 sive
319 3532 832 3631 Metaphyficae
850 3584 876 3624 ‚
943 3533 1057 3606 sed
1104 3537 1471 3632 practicae
1536 3532 1865 3609 Rationis
1928 3531 2058 3633 esse

127 3676 628 3753 argumentum.
660 3660 795 3748 Ita,
829 3660 1043 3735 fateor
1056 3708 1082 3748 ,
1113 3682 1152 3733 a
1167 3658 1428 3733 Kantio
1458 3659 1761 3731 statutum
1794 3680 1918 3732 est.
1958 3656 2063 3736 Et

127 3796 302 3849 recte
363 3778 679 3873 quidem:
741 3801 817 3853 ut
877 3799 1117 3855 norunt
1159 3798 1393 3853 omnes
1412 3828 1439 3869 ‚
1504 3798 1835 3875 quotquot
1880 3776 2057 3848 illius

1003 3900 1070 3974 C
1116 3921 1166 3991 4
1341 3934 1350 3943 ·
1922 3894 2059 3962 vim
