2719 4895
1307 289 1685 388 (36)

399 495 408 502 ’
527 498 927 576 notionum,
977 507 1062 558 ex
1111 487 1336 580 priore
1386 485 1517 556 vita
1560 485 2005 576 servata-unit,
2056 491 2123 561 in
2170 485 2485 566 Leanit-

523 617 646 689 .zii
715 607 1076 682 Harmonia
1127 605 1611 699 praestabilitm
1682 608 1751 676 in
1796 605 1941 680 aliis
1988 609 2271 702 denique
2316 612 2481 686 alio-

543 752 688 808 rum
773 726 1350 818 Philosophorum
1410 727 1893 816 opinionibus:
1980 732 2047 802 in
2116 734 2252 806 istis
2319 756 2483 808 vero

543 848 796 926 Kantii
842 846 1202 944 categoriis
1241 841 1528 940 intelligi
1577 867 1617 916 a
1666 864 1731 916 te
1780 841 1915 920 no‘n
1962 851 2173 942 posse.
2218 931 2225 938 ,
2272 851 2485 947 Quod

540 971 865 1064 posterius
932 968 1092 1059 quin
1141 983 1380 1046 verum
1422 965 1532 1050 fit,
1596 965 1905 1058 equidem
1953 969 2173 1044 nullus
2224 971 2485 1050 dubito.

543 1091 802 1164 Totum
856 1091 1107 1181 quippe
1155 1085 1290 1158 hoc
1339 1087 1845 1183 categoriarum
1893 1093 2235 1186 negotium
2282 1091 2489 1174 haud-

548 1231 876 1302 quaquam
956 1229 996 1278 a
1083 1227 1147 1277 te
1231 1203 1640 1282 intellectum
1720 1208 1861 1282 esse
1890 1259 1915 1296 ,
1978 1231 2063 1283 ex
2128 1215 2207 1282 iis
2226 1265 2246 1298 ‚
2312 1234 2488 1303 quae

401 1326 410 1335 ’
545 1331 766 1402 dixisti
798 1378 822 1415 ‚
891 1325 1240 1398 manifesto
1303 1327 1437 1419 iam
1484 1333 1785 1422 apparuit
1814 1377 1841 1416 ‚
1904 1329 2217 1424 idemque
2264 1331 2489 1408 denuo

545 1445 660 1518 hic
722 1469 990 1542 apparet
1011 1495 1036 1532 ‚
1107 1469 1265 1520 cum
1329 1468 1413 1520 ex
1478 1447 1616 1540 ipffl
1678 1449 1801 1523 hac
1872 1450 2071 1524 cruda
2131 1453 2486 1547 JeJunaque

531 1568 1086 1661 .reprehenfione‚
1154 1588 1296 1640 tum
1343 1563 1506 1639 vei-o
1552 1568 1751 1640 etiam
1800 1549 1885 1642 ex
1934 1569 2103 1658 illis,
2152 1593 2359 1662 quae,
2396 1597 2491 1655 ,σε

551 1690 802 1764 scilicet
867 1687 1066 1761 rebus
1131 1683 1419 1780 obscuris
1448 1735 1476 1773 ‚
1542 1709 1631 1758 ex
1696 1687 1889 1759 rebus
1965 1686 2173 1762 obviis
2218 1705 2287 1761 et
2333 1691 2491 1766 vird

547 1809 942 1894 communi,
1029 1805 1326 1878 dilucide
1404 1820 1470 1878 et
1556 1805 1899 1878 Socratice
1972 1807 2200 1880 lumen
2278 1793 2497 1902 affbr‘·

543 1955 657 2006 res
721 1926 846 2024 (⁴¹)
864 1977 889 2015 ‚
953 1948 1075 2021 pet
1093 1969 1100 1976 -
1121 1923 1350 2000 ludum
1397 1923 1581 2018 quafi
1620 1928 1983 2021 jocumque
2032 1927 2315 2024 adjicere
2364 1929 2491 2002 tibi

548 2050 818 2145 placuit.
934 2045 1050 2117 Ne
1119 2049 1298 2116 enim
1381 2065 1460 2114 ea
1544 2045 1658 2118 hic
1728 2065 2022 2138 repetam
2052 2095 2081 2134 ‚
2162 2069 2355 2138 quae·
2395 2047 2489 2126 de

519 2163 1038 2263 ‚Metaphysices
1106 2185 1172 2237 et
1239 2163 1551 2237 Criticae
1616 2163 2029 2239 Kantianae
2096 2188 2227 2239 con
2236 2167 2491 2254 sunone

521 2311 585 2360 ,a
649 2310 758 2360 me
803 2287 935 2381 jam
985 2285 1129 2360 sunt
1177 2283 1426 2371 dicta„
1464 2304 1533 2355 et
1583 2305 1668 2355 ne
1710 2285 2098 2373 ostendam,
2144 2287 2275 2370 illis
2316 2291 2494 2374 Pla-

543 2409 717 2485 tonis
761 2405 1186 2491 notionibus,
1237 2423 1321 2475 ex
1367 2405 1591 2495 priore
1635 2405 1766 2478 vitii
1817 2404 2117 2495 servam,
2164 2431 2335 2497 ‚eum
2386 2411 2491 2485 his

546 2529 806 2608 Kantii
867 2523 1232 2623 categoriis
1249 2572 1274 2609 ‚
1362 2524 1493 2597 five
1548 2519 1796 2618 formis
1860 2529 2203 2625 cogitandi
2235 2581 2259 2617 ‚
2322 2532 2491 2605 nihil

541 2650 808 2745 prorsus
875 2645 1014 2719 esse
1057 2664 1415 2717 commune
1433 2694 1457 2729 ‚
1522 2664 1825 2741 rogatum
1873 2665 1943 2738 te
1993 2651 2187 2720 unice
2238 2648 2437 2719 velim
2458 2701 2485 2735 ,

543 2789 757 2866 ecqua
827 2770 894 2837 in
977 2786 1064 2836 eo
1130 2760 1346 2857 pofita
1412 2763 1553 2835 esse
1620 2767 2043 2861 repugnantia
2104 2766 2305 2857 possit
2337 2818 2381 2855 ,,
2430 2769 2487 2845 fi

435 2980 444 2987 .
542 2892 691 2983 quis
739 2884 1125 2982 categorias
1139 2934 1164 2969 ,
1231 2886 1367 2957 hoc
1414 2904 1517 2957 est
1531 2935 1556 2973 ‚
1626 2886 1971 2983 cogitandi
2000 2880 2271 2980 forms
2286 2926 2347 2977 51¹
2358 2912 2491 2968 an·

539 3029 606 3081 te
670 3005 1060 3079 senfibilium
1127 3004 1419 3079 visorum
1482 3003 1829 3099 adventum
1850 3056 1874 3093 ‚
1934 3008 2001 3079 in
2069 3008 2291 3079 animo
2348 3009 2486 3103 jam

539 3127 683 3201 esse
713 3179 739 3216 ‚
807 3146 934 3199 nec
1003 3145 1218 3199 tamen
1252 3128 1567 3223 -cogitari
1589 3176 1611 3212 ,
1678 3126 1789 3199 sed
1857 3149 1977 3222 per
2041 3127 2155 3200 illa
2218 3128 2489 3205 demum

539 3250 810 3321 excitari
839 3299 863 3334 ‚
930 3246 1204 3322 statuan
1277 3246 1407 3319 Vel
1476 3269 1558 3317 an
1614 3268 1686 3319 et
1748 3248 1885 3321 hoc
1953 3248 2071 3320 tibi
2136 3248 2491 3332 absus-dum

545 3368 686 3441 esse
741 3368 1031 3462 ·fibique
1111 3366 1281 3441 adeo
1366 3388 1735 3465 repugnare
1827 3366 2083 3442 videtui:
2108 3418 2134 3457 ,
2202 3366 2491 3444 formam

2368 3514 2477 3565 ve·

610 3732 1016 3876 (Ἤλων
1131 3802 1139 3812 ·
