2719 4895
1394 277 1777 377 (30)

603 482 776 561 unde
841 480 960 553 tibi
1022 476 1423 566 constiterit,
1489 474 1652 549 fines
1711 468 1901 551 veros'
1950 476 2233 555 [santio
2282 480 2555 557 eosdem

597 604 732 677 dici
800 599 1157 691 haberique
1222 616 1421 689 atque
1467 595 1667 683 illos,
1714 616 1889 687 quos
1936 618 2115 671 nunc
2172 602 2406 701 vulgo
2450 606 2561 679 ob·

587 722 869 821 jectivos
933 716 1285 813 appellant.
1401 715 1611 813 Quod
1674 716 1719 791 fi
1787 714 2186 811 Philosophi
2264 722 2509 819 scripta
2534 774 2561 813 ,

598 864 690 917 eo
719 864 860 935 quo
896 862 1012 935 par
1047 859 1146 912 est
1178 836 1387 912 studio
1418 837 1739 930 eurique,
1775 835 2078 934 legisses,
2116 844 2554 937 animumque

599 962 688 1039 ad
753 984 830 1033 ea
889 980 1070 1035 recte
1135 956 1559 1053 intelligenda
1623 956 1852 1033 sedulo
1922 956 2427 1058 diligenterque
2474 986 2561 1037 at.

601 1082 914 1159 tendisse-s
933 1133 956 1168 ‚
1041 1082 1108 1153 in
1189 1078 1368 1152 h‘unc
1433 1097 1613 1152 certe
1680 1098 1973 1152 errorem
2036 1080 2357 1158 incidere
2427 1105 2557 1157 non

594 1204 940 1300 potuisses.
1043 1200 1187 1299 Qui
1255 1202 1434 1273 enim
1500 1220 1712 1272 vetos·
1760 1199 2084 1273 humanae
2132 1207 2551 1303 cognitionis

597 1324 762 1399 fines
808 1325 872 1397 se
919 1323 1118 1395 nobis
1165 1320 1646 1419 defignaturum
1698 1318 2092 1413 profitetur,
2158 1326 2221 1397 is
2270 1325 2545 1419 profec-

597 1465 716 1530 to,
784 1444 898 1515 nifi
955 1441 1118 1535 quid
1165 1442 1280 1515 fibi
1329 1440 1533 1530 velit,
1600 1440 1738 1533 ipse
1786 1438 1982 1535 plane
2032 1440 2347 1538 ignoret,
2390 1442 2545 1541 sicb-
2658 1444 2660 1449 ’

593 1564 921 1661 jacturos,
981 1583 1156 1655 quos
1217 1580 1499 1651 vocant,
1564 1558 1772 1647 fines,
1839 1579 2090 1651 eosque
2152 1562 2386 1650 solos,
2452 1565 2548 1634 in·

600 1680 856 1782 telligat
918 1682 1182 1756 necesse
1246 1702 1397 1755 est:
1455 1700 1533 1752 ut
1592 1678 1678 1751 de
1746 1678 2082 1771 obJectim's
2148 1679 2393 1755 finibus
2458 1699 2541 1753 ne

599 1804 713 1881 vel
757 1806 1079 1901 cogitasie
1127 1801 1375 1875 censeri
1422 1801 1647 1894 posfit.
1746 1798 1861 1873 De
1908 1800 2009 1873 his
2057 1804 2303 1895 quippe
2359 1800 2539 1872 nulla

582 1924 749 1999 *esse
833 1947 1061 2019 potest
1144 1942 1258 1997 aut
1339 1924 1665 2019 cogitatio
1699 1973 1724 2011 ,
1818 1940 1932 1993 aut
2010 1920 2294 2017 quaestio
2331 1963 2356 2000 ,
2444 1916 2524 1984 fi·

601 2044 744 2123 mul
825 2069 904 2119 ac
989 2044 1413 2139 perspectum
1496 2041 2042 2139 exploratumque
2102 2040 2177 2114 fit
2202 2092 2227 2126 ‚
2292 2035 2531 2131 cogni-

600 2172 855 2242 tionem
937 2188 1224 2240 nostram
1245 2216 1271 2255 ,
1353 2162 1541 2258 quod
1612 2184 1683 2235 et
1760 2181 1827 2235 te
1892 2159 2101 2259 ipsum
2170 2155 2539 2239 concedere

597 2286 798 2361 video
816 2339 840 2376 ,
891 2307 1029 2359 non
1083 2284 1200 2359 nifi
1247 2280 1655 2381 opinabilem
1704 2281 1841 2355 esse
1890 2286 2079 2377 posse
2096 2333 2121 2372 ,
2167 2280 2541 2374 intelligen-

607 2408 866 2497 tiaeque
934 2401 1216 2498 cujusvis
1279 2404 1571 2476 hominis
1634 2404 2013 2492 imperviam
2076 2401 2351 2476 omnino
2396 2394 2536 2472 esse

603 2525 982 2611 scientiam,
1047 2523 1210 2617 quid
1283 2521 1543 2594 tandem
1608 2525 1915 2617 qualesve
1972 2543 2077 2596 res
2122 2521 2286 2612 fine,
2356 2537 2533 2594 extra

606 2663 904 2720 nostrum
953 2641 1381 2738 concipiendi
1408 2643 1751 2734 modum,
1818 2666 2199 2739 nostrasque
2246 2637 2527 2734 intuendi

611 2761 860 2836 formas
921 2761 1195 2857 positae.
1293 2761 1441 2855 Ipse
1486 2759 1736 2862 fim‘um
1765 2816 1789 2852 ,
1854 2763 1990 2840 ssve
2050 2765 2527 2846 terminorum,

609 2901 979 2977 conceptus
999 2933 1024 2971 ,
1099 2881 1441 2977 ipsumque
1523 2885 1657 2960 hoc
1724 2883 2127 2960 vocabulum
2152 2935 2180 2976 ‚
2250 2902 2533 2977 concep·

609 3026 751 3082 tum
785 3002 1315 3104 fisbjectivitatis
1331 3055 1363 3094 ,
1418 3027 1615 3098 quam
1664 3027 1867 3080 vocas
1888 3057 1909 3092 ,
1958 3027 2181 3100 aperte
2226 3005 2529 3080 involvite
2670 3027 2672 3030 ⁴

607 3150 689 3204 ut
763 3126 829 3200 se
898 3127 1032 3220 ipse
1090 3148 1224 3200 non
1290 3125 1659 3226 intelligere
1724 3129 2075 3221 inepteque
2132 3132 2375 3228 gan-ire
2420 3147 2529 3219 pu·

609 3247 842 3324 nudus
904 3249 988 3325 fit
1029 3251 1087 3321 is
1109 3297 1132 3338 ,
1193 3251 1312 3344 qui
1361 3269 1555 3321 veros
1603 3245 1767 3321 fines
1785 3299 1809 3334 ,
1854 3269 2107 3342 eosque
2150 3249 2529 3344 abjectivos·

613 3373 1013 3468 cognitionis
1073 3371 1394 3447 humanae
1444 3391 1663 3444 tecum
1706 3369 2023 3468 designari
2070 3369 2264 3465 posse
2314 3384 2525 3466 putet·

607 3511 724 3563 nut
799 3493 1278 3590 designatarum
1349 3491 1416 3564 se
1492 3513 1613 3565 eos
1672 3491 2079 3587 profiteatur.
2196 3491 2304 3565 Illi
2370 3487 2525 3561 enim

610 3607 819 3695 ίὶηεε,
869 3612 953 3684 de
1001 3613 1242 3703 quibus
1289 3614 1400 3688 hic
1447 3613 1828 3708 loquimur,
1886 3595 2275 3708 ffibjectirt‘,
2342 3603 2527 3706 qnid,

609 3727 855 3826 quaeso
876 3779 906 3825 ,
966 3731 1143 3807 aliud
1205 3731 1349 3809 sunt
1380 3785 1403 3826 ,
1475 3752 1673 3830 quam
1738 3733 1913 3831 ipsae
1980 3727 2433 3844 conditiones,
2490 3741 2529 3790 ὓ

2406 3863 2535 3946 qur

2607 2 2649 355 R
