2719 4895
1292 309 1343 406 (
1352 311 1359 320 ’
1435 331 1574 408 70·
1623 309 1676 409 )

442 519 455 540 ‘
528 517 894 618 ingratam
928 525 1103 606 erga
1137 521 1205 579 te
1238 507 1771 582 malevolentiam
1785 558 1794 570 ·
1808 511 2198 610 exercuisse·
2248 505 2466 612 Quod

525 637 891 733 posterius,
940 647 1087 703 utut
1136 647 1311 700 tuam
1366 629 1561 700 unice
1583 682 1606 717 ,
1653 632 1831 702 tuive
1881 631 2252 721 critobuli,
2321 659 2470 709 ma-

526 751 947 828 levolentiam
1012 745 1255 841 probet
1274 799 1299 834 ‚
1365 747 1528 818 mihi
1575 767 1791 823 tamen
1837 752 2002 825 illud
2049 753 2301 846 Tullii,
2365 757 2466 830 de

534 871 812 958 Siculis,
858 865 1353 963 quodammodo
1405 871 1473 940 in
1511 891 1798 944 mentem
1850 895 2042 946 vocat
2077 874 2242 972 (Ἲς
2285 899 2464 949 nun.

528 1014 735 1092 quam
780 1008 929 1064 tam
976 989 1153 1063 male
1198 1005 1303 1062 est
1351 984 1598 1064 Siculis
1611 1042 1635 1079 ‚
1712 995 1881 1096 quin
1925 997 2199 1092 aliquid
2224 995 2468 1093 facete

523 1131 593 1190 et
641 1113 959 1189 commode
1003 1111 1253 1184 dicant.
1413 1109 1423 1116 '

624 1354 951 1428 Lectores
1014 1370 1233 1426 autem
1298 1373 1460 1439 eOS,
1525 1355 1654 1444 qui.
1715 1353 1836 1424 tibi
1905 1355 2101 1430 fidem
2153 1359 2398 1430 habent
2429 1409 2454 1445 ‚

528 1479 839 1569 quoniam
904 1474 1001 1544 eis
1060 1493 1279 1543 meum
1328 1471 1552 1544 denuo
1593 1472 1944 1546 evolvendi
1991 1477 2291 1552 libellum
2338 1503 2460 1554 co·

528 1601 643 1692 pia
720 1595 942 1684 deest,
1000 1596 1288 1688 graviter
1358 1592 1710 1680 fefellisti,
1797 1616 1993 1688 atque
2057 1599 2126 1670 id
2189 1601 2457 1692 quidem

532 1715 908 1812 dupliciter.
1008 1711 1234 1785 Primo
1298 1733 1584 1806 namque
1637 1713 1721 1786 de
1768 1737 1876 1788 me
1923 1722 2219 1806 narrasti,
2289 1743 2458 1811 quae

528 1857 704 1915 vera
767 1858 897 1910 non
954 1831 1082 1932 ess&
1147 1839 1594 1927 unusquisque
1622 1887 1647 1922 ,
1717 1835 1921 1906 modo
1971 1857 2056 1906 ne
2103 1836 2456 1911 oculorum

526 1955 787 2032 laboret
833 1955 1145 2054 caligine,
1212 1954 1434 2028 videre
1481 1973 1735 2047 potest:
1799 1949 1984 2040 dein,
2044 1954 2177 2024 hoc
2229 1953 2452 2034 facere

528 2080 719 2152 ausus
780 2099 853 2148 es
883 2128 909 2164 ‚
969 2097 1392 2170 posteaquam
1426 2126 1450 2165 ,
1520 2059 1792 2146 solemni
1876 2074 2048 2166 quali
2113 2077 2452 2164 oratione,

526 2195 833 2298 religiose
924 2195 1309 2292 promiseras
1343 2245 1368 2282 ‚
1457 2195 1523 2264 in
1611 2191 1920 2266 omnibus
2007 2191 2461 2268 Bibliothecae

532 2339 681 2394 tuae
746 2317 1073 2414 partibus,
1138 2298 1340 2416 inque
1407 2313 1715 2388 omnibus
1775 2309 2038 2406 iudiciis
2105 2311 2460 2389 sententiis·-

528 2461 702 2533 que,
769 2459 833 2509 te
894 2460 1089 2510 unam
1148 2435 1286 2507 esse
1335 2431 1668 2505 culturum
1719 2436 2050 2507 veritatem
2085 2486 2112 2525 ,
2183 2458 2462 2529 eamque

524 2556 812 2639 sanctam
856 2576 1049 2651 atque
1094 2554 1470 2628 inviolatam
1517 2552 1932 2625 servaturum.

627 2798 781 2895 Age
809 2848 834 2887 ‚
909 2792 1390 2895 thenbachi
1425 2794 1462 2867 .'
1533 2792 1753 2866 audias
1825 2792 2026 2867 velim
2093 2814 2201 2867 tua
2267 2794 2462 2889 ipfius

421 2978 434 2987 .
532 2918 758 2993 verba.
854 2916 1117 3009 Operae
1186 2919 1368 2987 enim
1413 2918 1698 3009 pretium
1747 2912 1967 3001 duce,
2031 2936 2107 2985 ea
2163 2917 2276 2987 hic
2343 2916 2460 2987 de-

538 3014 865 3123 scribere',
924 3058 1063 3128 quo
1129 3038 1338 3131 magis
1413 3034 1534 3105 tibi
1599 3032 1872 3124 aliisque
1921 3054 2226 3127 appareat
2270 3056 2338 3106 et
2385 3039 2456 3107 in

530 3148 773 3230 oculos
819 3156 990 3249 quafi
1039 3159 1359 3240 incurrat,
1409 3175 1608 3245 quam
1658 3154 1776 3224 tibi
1826 3155 1904 3230 fis
1953 3154 2460 3242 consentaneu3‚

528 3298 856 3371 quamque
920 3278 1127 3372 justus
1197 3298 1265 3347 et
1329 3278 1618 3365 aequus!
1689 3274 1766 3345 In
1831 3275 2093 3347 censurii
2149 3278 2456 3347 nimirum

538 3398 777 3495 Veneji
832 3397 1185 3474 Paterculi
1257 3394 1745 3471 Ruhnkeniani
1773 3446 1797 3483 ,
1856 3416 2206 3487 postquam
2271 3394 2462 3465 dixe-

2309 3532 2414 3586 ΝΒ
2431 3566 2458 3603 ,

601 3808 713 3894 (*)
752 3812 821 3875 In
856 3812 1111 3878 Verrem.
1150 3814 1227 3877 L.
1266 3815 1379 3881 lv.
1419 3818 1454 3895 ς
1491 3832 1600 3894 43.
