<?xml version="1.0" encoding="UTF-8"?>
<!DOCTYPE html PUBLIC "-//W3C//DTD XHTML 1.0 Transitional//EN"
    "http://www.w3.org/TR/xhtml1/DTD/xhtml1-transitional.dtd">
<html xmlns="http://www.w3.org/1999/xhtml" xml:lang="en" lang="en">
 <head>
  <title>
</title>
<meta http-equiv="Content-Type" content="text/html;charset=utf-8" />
  <meta name='ocr-system' content='tesseract 3.04.00' />
  <meta name='ocr-capabilities' content='ocr_page ocr_carea ocr_par ocr_line ocrx_word'/>
</head>
<body>
  <div class='ocr_page' id='page_1' title='image "./triasepistolaru00hemegoog_0272.png"; bbox 0 0 2719 4895; ppageno 0'>
   <div class='ocr_carea' id='block_1_1' title="bbox 1279 423 1801 578">
    <p class='ocr_par' dir='ltr' id='par_1_1' title="bbox 1279 423 1801 578">
     <span class='ocr_line' id='line_1_1' title="bbox 1279 423 1801 578; baseline -0.023 -1"><span class='ocrx_word' id='word_1_1' title='bbox 1279 423 1657 578; x_wconf 59' lang='lat'>(⁷82)</span> <span class='ocrx_word' id='word_1_2' title='bbox 1798 531 1801 534; x_wconf 70' lang='lat'><strong>·</strong></span> 
     </span>
    </p>
   </div>
   <div class='ocr_carea' id='block_1_2' title="bbox 509 641 2456 1000">
    <p class='ocr_par' dir='ltr' id='par_1_2' title="bbox 509 641 2456 1000">
     <span class='ocr_line' id='line_1_2' title="bbox 511 641 2456 765; baseline -0.005 -11"><span class='ocrx_word' id='word_1_3' title='bbox 511 703 658 756; x_wconf 88' lang='lat' dir='ltr'>mus</span> <span class='ocrx_word' id='word_1_4' title='bbox 703 679 772 752; x_wconf 87' lang='lat' dir='ltr'>iu</span> <span class='ocrx_word' id='word_1_5' title='bbox 817 679 987 752; x_wconf 79' lang='lat' dir='ltr'>viam</span> <span class='ocrx_word' id='word_1_6' title='bbox 1004 725 1027 762; x_wconf 87' lang='lat'>‚</span> <span class='ocrx_word' id='word_1_7' title='bbox 1057 693 1128 748; x_wconf 88' lang='lat' dir='ltr'>et</span> <span class='ocrx_word' id='word_1_8' title='bbox 1144 723 1168 762; x_wconf 94' lang='lat'>,</span> <span class='ocrx_word' id='word_1_9' title='bbox 1216 690 1387 765; x_wconf 81' lang='lat' dir='ltr'>quae</span> <span class='ocrx_word' id='word_1_10' title='bbox 1430 667 1595 740; x_wconf 86' lang='lat' dir='ltr'>meis</span> <span class='ocrx_word' id='word_1_11' title='bbox 1640 685 1768 760; x_wconf 86' lang='lat' dir='ltr'>pro</span> <span class='ocrx_word' id='word_1_12' title='bbox 1812 641 2194 745; x_wconf 70' lang='lat' dir='ltr'>Kamiand</span> <span class='ocrx_word' id='word_1_13' title='bbox 2244 673 2456 750; x_wconf 72' lang='lat' dir='ltr'>ratio-</span> 
     </span>
     <span class='ocr_line' id='line_1_3' title="bbox 510 791 2451 902; baseline -0.007 -25"><span class='ocrx_word' id='word_1_14' title='bbox 510 822 597 878; x_wconf 89' lang='lat' dir='ltr'>ne</span> <span class='ocrx_word' id='word_1_15' title='bbox 679 792 1111 902; x_wconf 82' lang='lat' dir='ltr'>argumentis&#39;</span> <span class='ocrx_word' id='word_1_16' title='bbox 1147 791 1507 892; x_wconf 85' lang='lat' dir='ltr'>opposuisti</span> <span class='ocrx_word' id='word_1_17' title='bbox 1534 841 1559 880; x_wconf 91' lang='lat'><strong>,</strong></span> <span class='ocrx_word' id='word_1_18' title='bbox 1642 791 1849 884; x_wconf 56' lang='lat' dir='ltr'>aequa</span> <span class='ocrx_word' id='word_1_19' title='bbox 1920 791 2111 869; x_wconf 82' lang='lat' dir='ltr'>lance</span> <span class='ocrx_word' id='word_1_20' title='bbox 2187 800 2451 892; x_wconf 78' lang='lat' dir='ltr'>ponde·</span> 
     </span>
     <span class='ocr_line' id='line_1_4' title="bbox 509 945 752 1000; baseline -0.008 -1"><span class='ocrx_word' id='word_1_21' title='bbox 509 945 752 1000; x_wconf 85' lang='lat' dir='ltr'>remus.</span> 
     </span>
    </p>
   </div>
   <div class='ocr_carea' id='block_1_3' title="bbox 495 1157 2511 2136">
    <p class='ocr_par' dir='ltr' id='par_1_3' title="bbox 495 1157 2511 2136">
     <span class='ocr_line' id='line_1_5' title="bbox 614 1157 2443 1261; baseline -0.005 -16"><span class='ocrx_word' id='word_1_22' title='bbox 614 1169 884 1246; x_wconf 85' lang='lat' dir='ltr'><strong>Initium</strong></span> <span class='ocrx_word' id='word_1_23' title='bbox 949 1163 1401 1261; x_wconf 77' lang='lat' dir='ltr'><strong>disputationis</strong></span> <span class='ocrx_word' id='word_1_24' title='bbox 1462 1163 1549 1237; x_wconf 88' lang='lat' dir='ltr'>ab</span> <span class='ocrx_word' id='word_1_25' title='bbox 1618 1182 1707 1236; x_wconf 88' lang='lat' dir='ltr'>eo</span> <span class='ocrx_word' id='word_1_26' title='bbox 1752 1157 1991 1236; x_wconf 84' lang='lat' dir='ltr'>duxisti</span> <span class='ocrx_word' id='word_1_27' title='bbox 2038 1160 2163 1260; x_wconf 76' lang='grc'>(*)</span> <span class='ocrx_word' id='word_1_28' title='bbox 2188 1217 2215 1254; x_wconf 90' lang='grc'><em>,</em></span> <span class='ocrx_word' id='word_1_29' title='bbox 2260 1169 2443 1261; x_wconf 76' lang='lat' dir='ltr'>quo&#39;d</span> 
     </span>
     <span class='ocr_line' id='line_1_6' title="bbox 512 1283 2443 1384; baseline -0.002 -14"><span class='ocrx_word' id='word_1_30' title='bbox 512 1295 634 1370; x_wconf 82' lang='lat' dir='ltr'>tibi</span> <span class='ocrx_word' id='word_1_31' title='bbox 681 1315 816 1369; x_wconf 88' lang='lat' dir='ltr'>non</span> <span class='ocrx_word' id='word_1_32' title='bbox 870 1287 1056 1367; x_wconf 79' lang='lat' dir='ltr'>valde</span> <span class='ocrx_word' id='word_1_33' title='bbox 1105 1308 1171 1360; x_wconf 88' lang='lat' dir='ltr'>te</span> <span class='ocrx_word' id='word_1_34' title='bbox 1221 1285 1725 1360; x_wconf 82' lang='lat' dir='ltr'>consentaneum</span> <span class='ocrx_word' id='word_1_35' title='bbox 1769 1283 1906 1358; x_wconf 61' lang='lat' dir='ltr'>esst</span> <span class='ocrx_word' id='word_1_36' title='bbox 1951 1284 2223 1362; x_wconf 77' lang='lat' dir='ltr'>dixerim</span> <span class='ocrx_word' id='word_1_37' title='bbox 2240 1343 2263 1379; x_wconf 88' lang='lat'>‚</span> <span class='ocrx_word' id='word_1_38' title='bbox 2326 1297 2443 1384; x_wconf 85' lang='lat' dir='ltr'>qui</span> 
     </span>
     <span class='ocr_line' id='line_1_7' title="bbox 505 1403 2431 1509; baseline -0.002 -16"><span class='ocrx_word' id='word_1_39' title='bbox 505 1419 852 1495; x_wconf 76' lang='lat' dir='ltr'>Kann‘um</span> <span class='ocrx_word' id='word_1_40' title='bbox 938 1411 1379 1509; x_wconf 86' lang='lat' dir='ltr'>proposuisses</span> <span class='ocrx_word' id='word_1_41' title='bbox 1464 1431 1793 1504; x_wconf 84' lang='lat' dir='ltr'>tamquam</span> <span class='ocrx_word' id='word_1_42' title='bbox 1880 1403 2251 1504; x_wconf 73' lang='lat' dir='ltr'>hominem,</span> <span class='ocrx_word' id='word_1_43' title='bbox 2316 1417 2431 1489; x_wconf 74' lang='lat' dir='ltr'>cue·</span> 
     </span>
     <span class='ocr_line' id='line_1_8' title="bbox 510 1531 2440 1634; baseline -0.003 -17"><span class='ocrx_word' id='word_1_44' title='bbox 510 1541 730 1618; x_wconf 81' lang='lat' dir='ltr'>om&#39;m’s</span> <span class='ocrx_word' id='word_1_45' title='bbox 791 1537 1196 1612; x_wconf 70' lang='lat' dir='ltr'>Literarum</span> <span class='ocrx_word' id='word_1_46' title='bbox 1231 1533 1537 1634; x_wconf 74' lang='lat' dir='ltr'>scientia</span> <span class='ocrx_word' id='word_1_47' title='bbox 1600 1550 1667 1608; x_wconf 80' lang='lat' dir='ltr'>et</span> <span class='ocrx_word' id='word_1_48' title='bbox 1727 1531 2199 1631; x_wconf 61' lang='lat' dir='ltr'>Philosophiae</span> <span class='ocrx_word' id='word_1_49' title='bbox 2240 1533 2440 1612; x_wconf 69' lang='lat' dir='ltr'>hisee·</span> 
     </span>
     <span class='ocr_line' id='line_1_9' title="bbox 506 1657 2439 1757; baseline -0.003 -15"><span class='ocrx_word' id='word_1_50' title='bbox 506 1666 631 1742; x_wconf 72' lang='lat' dir='ltr'>rt&#39;a</span> <span class='ocrx_word' id='word_1_51' title='bbox 693 1657 1030 1757; x_wconf 56' lang='lat' dir='ltr'>afuerit,-</span> <span class='ocrx_word' id='word_1_52' title='bbox 1091 1681 1162 1734; x_wconf 90' lang='lat' dir='ltr'>et</span> <span class='ocrx_word' id='word_1_53' title='bbox 1223 1681 1383 1732; x_wconf 83' lang='lat' dir='ltr'>mox</span> <span class='ocrx_word' id='word_1_54' title='bbox 1418 1662 1654 1732; x_wconf 87' lang='lat' dir='ltr'>iterum</span> <span class='ocrx_word' id='word_1_55' title='bbox 1670 1709 1696 1746; x_wconf 90' lang='lat'>,</span> <span class='ocrx_word' id='word_1_56' title='bbox 1744 1657 1881 1732; x_wconf 90' lang='lat' dir='ltr'>alio</span> <span class='ocrx_word' id='word_1_57' title='bbox 1926 1660 2222 1751; x_wconf 76' lang='lat' dir='ltr'>ejusdem</span> <span class='ocrx_word' id='word_1_58' title='bbox 2270 1667 2439 1756; x_wconf 88' lang='lat' dir='ltr'>epis-</span> 
     </span>
     <span class='ocr_line' id='line_1_10' title="bbox 509 1781 2439 1888; baseline 0.001 -26"><span class='ocrx_word' id='word_1_59' title='bbox 509 1788 688 1863; x_wconf 82' lang='lat' dir='ltr'>tolae</span> <span class='ocrx_word' id='word_1_60' title='bbox 788 1786 950 1862; x_wconf 89' lang='lat' dir='ltr'>loco</span> <span class='ocrx_word' id='word_1_61' title='bbox 984 1837 1034 1875; x_wconf 88' lang='lat'>‚.</span> <span class='ocrx_word' id='word_1_62' title='bbox 1123 1781 1431 1859; x_wconf 87' lang='lat' dir='ltr'>eumdem</span> <span class='ocrx_word' id='word_1_63' title='bbox 1522 1781 1861 1857; x_wconf 79' lang='lat' dir='ltr'>Kantium</span> <span class='ocrx_word' id='word_1_64' title='bbox 1934 1805 2011 1859; x_wconf 89' lang='lat' dir='ltr'>ut</span> <span class='ocrx_word' id='word_1_65' title='bbox 2088 1788 2439 1888; x_wconf 72' lang='lat' dir='ltr'>universae</span> 
     </span>
     <span class='ocr_line' id='line_1_11' title="bbox 495 1887 2511 2015; baseline 0 -27"><span class='ocrx_word' id='word_1_66' title='bbox 495 1913 787 2015; x_wconf 60' lang='lat' dir='ltr'>seientia</span> <span class='ocrx_word' id='word_1_67' title='bbox 897 1887 1363 2007; x_wconf 60' lang='lat' dir='ltr'>Philosophiae</span> <span class='ocrx_word' id='word_1_68' title='bbox 1462 1909 1895 1982; x_wconf 78' lang='lat' dir='ltr'><em>excellentem</em></span> <span class='ocrx_word' id='word_1_69' title='bbox 1993 1913 2425 2004; x_wconf 80' lang='lat' dir='ltr'>praedicasses.</span> <span class='ocrx_word' id='word_1_70' title='bbox 2506 1899 2511 1904; x_wconf 56' lang='grc'><em>’</em></span> 
     </span>
     <span class='ocr_line' id='line_1_12' title="bbox 507 2033 2439 2136; baseline 0.002 -27"><span class='ocrx_word' id='word_1_71' title='bbox 507 2037 736 2136; x_wconf 84' lang='lat' dir='ltr'>Quam</span> <span class='ocrx_word' id='word_1_72' title='bbox 809 2033 1078 2129; x_wconf 88' lang='lat' dir='ltr'>quidem</span> <span class='ocrx_word' id='word_1_73' title='bbox 1141 2036 1606 2132; x_wconf 79' lang='lat' dir='ltr'>repugnantiae</span> <span class='ocrx_word' id='word_1_74' title='bbox 1667 2033 2097 2128; x_wconf 84' lang='lat' dir='ltr'>suspicionem</span> <span class='ocrx_word' id='word_1_75' title='bbox 2160 2061 2199 2110; x_wconf 83' lang='lat' dir='ltr'>a</span> <span class='ocrx_word' id='word_1_76' title='bbox 2251 2063 2317 2113; x_wconf 89' lang='lat' dir='ltr'>te</span> <span class='ocrx_word' id='word_1_77' title='bbox 2361 2043 2439 2112; x_wconf 78' lang='lat' dir='ltr'>ita</span> 
     </span>
    </p>
   </div>
   <div class='ocr_carea' id='block_1_4' title="bbox 319 2149 2447 2260">
    <p class='ocr_par' dir='ltr' id='par_1_4' title="bbox 319 2149 2447 2260">
     <span class='ocr_line' id='line_1_13' title="bbox 319 2149 2447 2260; baseline -0.007 -21"><span class='ocrx_word' id='word_1_78' title='bbox 319 2149 324 2156; x_wconf 37' lang='lat'>²</span> <span class='ocrx_word' id='word_1_79' title='bbox 391 2219 408 2246; x_wconf 46' lang='grc' dir='ltr'>ι</span> <span class='ocrx_word' id='word_1_80' title='bbox 505 2159 830 2260; x_wconf 78' lang='lat' dir='ltr'>propellis</span> <span class='ocrx_word' id='word_1_81' title='bbox 864 2211 890 2249; x_wconf 89' lang='lat'>‚</span> <span class='ocrx_word' id='word_1_82' title='bbox 973 2180 1047 2235; x_wconf 88' lang='lat' dir='ltr'>ut</span> <span class='ocrx_word' id='word_1_83' title='bbox 1113 2159 1501 2252; x_wconf 85' lang='lat' dir='ltr'>unicuique·</span> <span class='ocrx_word' id='word_1_84' title='bbox 1544 2154 1887 2232; x_wconf 78' lang='lat' dir='ltr'>manifesto</span> <span class='ocrx_word' id='word_1_85' title='bbox 1944 2181 2250 2256; x_wconf 73' lang='lat' dir='ltr'>appareat</span> <span class='ocrx_word' id='word_1_86' title='bbox 2280 2215 2305 2252; x_wconf 91' lang='lat'>‚</span> <span class='ocrx_word' id='word_1_87' title='bbox 2383 2181 2447 2238; x_wconf 71' lang='lat' dir='ltr'>te</span> 
     </span>
    </p>
   </div>
   <div class='ocr_carea' id='block_1_5' title="bbox 502 2281 2449 3487">
    <p class='ocr_par' dir='ltr' id='par_1_5' title="bbox 502 2281 2449 3403">
     <span class='ocr_line' id='line_1_14' title="bbox 503 2281 2449 2389; baseline -0.001 -26"><span class='ocrx_word' id='word_1_88' title='bbox 503 2306 888 2389; x_wconf 84' lang='lat' dir='ltr'>germanum</span> <span class='ocrx_word' id='word_1_89' title='bbox 935 2285 1078 2360; x_wconf 88' lang='lat' dir='ltr'>esse</span> <span class='ocrx_word' id='word_1_90' title='bbox 1123 2281 1553 2377; x_wconf 73' lang='lat' dir='ltr'>sophistam,</span> <span class='ocrx_word' id='word_1_91' title='bbox 1589 2287 1704 2373; x_wconf 88' lang='lat' dir='ltr'>qui</span> <span class='ocrx_word' id='word_1_92' title='bbox 1732 2283 2040 2361; x_wconf 82' lang='lat' dir='ltr'>eumdem</span> <span class='ocrx_word' id='word_1_93' title='bbox 2074 2287 2449 2382; x_wconf 71' lang='lat' dir='ltr'>hominem,</span> 
     </span>
     <span class='ocr_line' id='line_1_15' title="bbox 505 2403 2449 2508; baseline -0.002 -17"><span class='ocrx_word' id='word_1_94' title='bbox 505 2436 586 2493; x_wconf 90' lang='lat' dir='ltr'>ut</span> <span class='ocrx_word' id='word_1_95' title='bbox 647 2403 744 2488; x_wconf 70' lang='lat' dir='ltr'>et&#39;</span> <span class='ocrx_word' id='word_1_96' title='bbox 773 2409 1072 2487; x_wconf 84' lang='lat' dir='ltr'>eamdem</span> <span class='ocrx_word' id='word_1_97' title='bbox 1133 2429 1272 2481; x_wconf 88' lang='lat' dir='ltr'>rem</span> <span class='ocrx_word' id='word_1_98' title='bbox 1288 2460 1314 2496; x_wconf 88' lang='lat'>‚</span> <span class='ocrx_word' id='word_1_99' title='bbox 1380 2429 1619 2505; x_wconf 77' lang='lat' dir='ltr'>augere</span> <span class='ocrx_word' id='word_1_100' title='bbox 1684 2407 2012 2486; x_wconf 80' lang='lat' dir='ltr'>laudando</span> <span class='ocrx_word' id='word_1_101' title='bbox 2065 2435 2140 2487; x_wconf 88' lang='lat' dir='ltr'>ac</span> <span class='ocrx_word' id='word_1_102' title='bbox 2188 2417 2449 2508; x_wconf 83' lang='lat' dir='ltr'>vitupe-</span> 
     </span>
     <span class='ocr_line' id='line_1_16' title="bbox 503 2526 2444 2631; baseline 0 -20"><span class='ocrx_word' id='word_1_103' title='bbox 503 2534 713 2611; x_wconf 85' lang='lat' dir='ltr'>rando</span> <span class='ocrx_word' id='word_1_104' title='bbox 775 2533 988 2607; x_wconf 86' lang='lat' dir='ltr'>rursus</span> <span class='ocrx_word' id='word_1_105' title='bbox 1049 2526 1330 2626; x_wconf 85' lang='lat' dir='ltr'>affligere</span> <span class='ocrx_word' id='word_1_106' title='bbox 1376 2530 1602 2623; x_wconf 74' lang='lat' dir='ltr'>posiis.</span> <span class='ocrx_word' id='word_1_107' title='bbox 1700 2530 1977 2607; x_wconf 80' lang='lat' dir='ltr'>Causam</span> <span class='ocrx_word' id='word_1_108' title='bbox 2016 2537 2207 2631; x_wconf 79' lang='lat' dir='ltr'>igitur</span> <span class='ocrx_word' id='word_1_109' title='bbox 2252 2554 2444 2612; x_wconf 84' lang='lat' dir='ltr'>tuam</span> 
     </span>
     <span class='ocr_line' id='line_1_17' title="bbox 505 2650 2443 2757; baseline -0.002 -17"><span class='ocrx_word' id='word_1_110' title='bbox 505 2682 586 2740; x_wconf 89' lang='lat' dir='ltr'>ut</span> <span class='ocrx_word' id='word_1_111' title='bbox 645 2660 931 2735; x_wconf 82' lang='lat' dir='ltr'>feliciter</span> <span class='ocrx_word' id='word_1_112' title='bbox 996 2660 1270 2747; x_wconf 88' lang='lat' dir='ltr'>tuearis,</span> <span class='ocrx_word' id='word_1_113' title='bbox 1319 2679 1473 2745; x_wconf 86' lang='lat' dir='ltr'>me,</span> <span class='ocrx_word' id='word_1_114' title='bbox 1514 2679 1649 2753; x_wconf 86' lang='lat' dir='ltr'>pro</span> <span class='ocrx_word' id='word_1_115' title='bbox 1692 2680 1881 2734; x_wconf 86' lang='lat' dir='ltr'>more</span> <span class='ocrx_word' id='word_1_116' title='bbox 1928 2682 2089 2751; x_wconf 91' lang='lat' dir='ltr'>tuo,</span> <span class='ocrx_word' id='word_1_117' title='bbox 2128 2650 2204 2737; x_wconf 59' lang='lat' dir='ltr'>‘et</span> <span class='ocrx_word' id='word_1_118' title='bbox 2249 2666 2443 2757; x_wconf 85' lang='lat' dir='ltr'>igno·</span> 
     </span>
     <span class='ocr_line' id='line_1_18' title="bbox 505 2780 2438 2875; baseline 0.001 -16"><span class='ocrx_word' id='word_1_119' title='bbox 505 2792 752 2864; x_wconf 80' lang='lat' dir='ltr'>tantiae</span> <span class='ocrx_word' id='word_1_120' title='bbox 820 2780 1041 2857; x_wconf 86' lang='lat' dir='ltr'>denuo</span> <span class='ocrx_word' id='word_1_121' title='bbox 1104 2782 1365 2859; x_wconf 84' lang='lat' dir='ltr'>accusas</span> <span class='ocrx_word' id='word_1_122' title='bbox 1412 2780 1635 2857; x_wconf 80' lang='lat' dir='ltr'>Latini</span> <span class='ocrx_word' id='word_1_123' title='bbox 1677 2784 1991 2861; x_wconf 87' lang='lat' dir='ltr'>sermonis</span> <span class='ocrx_word' id='word_1_124' title='bbox 2008 2836 2032 2875; x_wconf 91' lang='lat'>,</span> <span class='ocrx_word' id='word_1_125' title='bbox 2082 2804 2152 2861; x_wconf 79' lang='lat' dir='ltr'>et</span> <span class='ocrx_word' id='word_1_126' title='bbox 2196 2810 2438 2868; x_wconf 82' lang='lat' dir='ltr'>vetera-</span> 
     </span>
     <span class='ocr_line' id='line_1_19' title="bbox 505 2901 2441 3005; baseline 0.002 -22"><span class='ocrx_word' id='word_1_127' title='bbox 505 2911 713 2983; x_wconf 82' lang='lat' dir='ltr'>&#39;toriae</span> <span class='ocrx_word' id='word_1_128' title='bbox 760 2901 1124 2980; x_wconf 80' lang='lat' dir='ltr'>calliditatis</span> <span class='ocrx_word' id='word_1_129' title='bbox 1161 2904 1313 3005; x_wconf 71' lang='grc' dir='ltr'>(Τ).</span> <span class='ocrx_word' id='word_1_130' title='bbox 1414 2906 1723 2981; x_wconf 87' lang='lat' dir='ltr'>Scilicet!</span> <span class='ocrx_word' id='word_1_131' title='bbox 1774 2912 2209 3005; x_wconf 85' lang='lat' dir='ltr'>ignoraverim</span> <span class='ocrx_word' id='word_1_132' title='bbox 2250 2918 2441 3005; x_wconf 86' lang='lat' dir='ltr'>equi-</span> 
     </span>
     <span class='ocr_line' id='line_1_20' title="bbox 504 3024 2446 3132; baseline 0.005 -27"><span class='ocrx_word' id='word_1_133' title='bbox 504 3032 659 3105; x_wconf 87' lang='lat' dir='ltr'>dem</span> <span class='ocrx_word' id='word_1_134' title='bbox 710 3030 1242 3129; x_wconf 66' lang='lat' dir='ltr'>significationem</span> <span class='ocrx_word' id='word_1_135' title='bbox 1287 3037 1573 3107; x_wconf 85' lang='lat' dir='ltr'>nominis</span> <span class='ocrx_word' id='word_1_136' title='bbox 1616 3030 1965 3130; x_wconf 69' lang='lat' dir='ltr'>universus</span> <span class='ocrx_word' id='word_1_137' title='bbox 1979 3087 2004 3124; x_wconf 91' lang='lat'>‚</span> <span class='ocrx_word' id='word_1_138' title='bbox 2058 3024 2251 3128; x_wconf 78' lang='lat' dir='ltr'>⁴quod</span> <span class='ocrx_word' id='word_1_139' title='bbox 2288 3036 2446 3132; x_wconf 83' lang='lat' dir='ltr'><em>fre-</em></span> 
     </span>
     <span class='ocr_line' id='line_1_21' title="bbox 502 3155 2444 3261; baseline 0.002 -30"><span class='ocrx_word' id='word_1_140' title='bbox 502 3174 786 3257; x_wconf 81' lang='lat' dir='ltr'>quenter</span> <span class='ocrx_word' id='word_1_141' title='bbox 851 3157 941 3231; x_wconf 83' lang='lat' dir='ltr'>fic</span> <span class='ocrx_word' id='word_1_142' title='bbox 998 3159 1284 3252; x_wconf 84' lang='lat' dir='ltr'>usurpari</span> <span class='ocrx_word' id='word_1_143' title='bbox 1303 3208 1327 3242; x_wconf 91' lang='lat'><strong>,</strong></span> <span class='ocrx_word' id='word_1_144' title='bbox 1396 3179 1473 3233; x_wconf 90' lang='lat' dir='ltr'>ut</span> <span class='ocrx_word' id='word_1_145' title='bbox 1538 3181 1579 3229; x_wconf 88' lang='lat' dir='ltr'>a</span> <span class='ocrx_word' id='word_1_146' title='bbox 1640 3155 1925 3261; x_wconf 63' lang='lat' dir='ltr'>singulis</span> <span class='ocrx_word' id='word_1_147' title='bbox 1974 3158 2444 3257; x_wconf 83' lang='lat' dir='ltr'>distinguatur,</span> 
     </span>
     <span class='ocr_line' id='line_1_22' title="bbox 503 3280 2448 3403; baseline 0.002 -44"><span class='ocrx_word' id='word_1_148' title='bbox 503 3284 612 3359; x_wconf 74' lang='lat' dir='ltr'>vel</span> <span class='ocrx_word' id='word_1_149' title='bbox 673 3306 718 3358; x_wconf 88' lang='lat' dir='ltr'>e</span> <span class='ocrx_word' id='word_1_150' title='bbox 777 3280 1054 3359; x_wconf 80' lang='lat' dir='ltr'>Lexicis</span> <span class='ocrx_word' id='word_1_151' title='bbox 1097 3282 1400 3403; x_wconf 75' lang='lat' dir='ltr'>jconstare</span> <span class='ocrx_word' id='word_1_152' title='bbox 1464 3280 1657 3357; x_wconf 86' lang='lat' dir='ltr'>dicis.</span> <span class='ocrx_word' id='word_1_153' title='bbox 1712 3330 1729 3339; x_wconf 95' lang='lat'>-</span> <span class='ocrx_word' id='word_1_154' title='bbox 1760 3282 1910 3357; x_wconf 75' lang='lat' dir='ltr'>‘Sed</span> <span class='ocrx_word' id='word_1_155' title='bbox 1972 3288 2261 3379; x_wconf 85' lang='lat' dir='ltr'>primum</span> <span class='ocrx_word' id='word_1_156' title='bbox 2284 3338 2342 3377; x_wconf 89' lang='lat'>,.</span> <span class='ocrx_word' id='word_1_157' title='bbox 2372 3308 2448 3363; x_wconf 87' lang='lat' dir='ltr'>et</span> 
     </span>
    </p>

    <p class='ocr_par' dir='ltr' id='par_1_6' title="bbox 999 3412 2445 3487">
     <span class='ocr_line' id='line_1_23' title="bbox 999 3412 2445 3487; baseline 0.002 -3"><span class='ocrx_word' id='word_1_158' title='bbox 999 3430 1004 3435; x_wconf 81' lang='lat'><strong>·</strong></span> <span class='ocrx_word' id='word_1_159' title='bbox 2168 3450 2189 3463; x_wconf 88' lang='lat'><strong>·</strong></span> <span class='ocrx_word' id='word_1_160' title='bbox 2306 3412 2445 3487; x_wconf 86' lang='lat' dir='ltr'>hoc</span> 
     </span>
    </p>
   </div>
   <div class='ocr_carea' id='block_1_6' title="bbox 1704 3550 2417 3705">
    <p class='ocr_par' dir='ltr' id='par_1_7' title="bbox 1704 3550 2417 3705">
     <span class='ocr_line' id='line_1_24' title="bbox 1704 3550 2417 3573; baseline -0.014 8"><span class='ocrx_word' id='word_1_161' title='bbox 1704 3550 1711 3559; x_wconf 63' lang='lat'><em>⁶</em></span> <span class='ocrx_word' id='word_1_162' title='bbox 1904 3552 1909 3557; x_wconf 63' lang='grc'>”</span> <span class='ocrx_word' id='word_1_163' title='bbox 2056 3552 2069 3563; x_wconf 79' lang='grc'><strong>’</strong></span> <span class='ocrx_word' id='word_1_164' title='bbox 2229 3554 2238 3560; x_wconf 91' lang='grc'><em>“</em></span> <span class='ocrx_word' id='word_1_165' title='bbox 2382 3566 2389 3573; x_wconf 70' lang='grc'><strong>.</strong></span> <span class='ocrx_word' id='word_1_166' title='bbox 2404 3556 2417 3571; x_wconf 67' lang='grc' dir='ltr'><strong>ι</strong></span> 
     </span>
     <span class='ocr_line' id='line_1_25' title="bbox 2124 3694 2131 3705; baseline 0 0"><span class='ocrx_word' id='word_1_167' title='bbox 2124 3694 2131 3705; x_wconf 58' lang='lat' dir='ltr'><strong><em>C</em></strong></span> 
     </span>
    </p>
   </div>
   <div class='ocr_carea' id='block_1_7' title="bbox 581 3760 1272 3989">
    <p class='ocr_par' dir='ltr' id='par_1_8' title="bbox 581 3760 1272 3989">
     <span class='ocr_line' id='line_1_26' title="bbox 581 3760 1272 3845; baseline 0.006 -20"><span class='ocrx_word' id='word_1_168' title='bbox 581 3760 694 3841; x_wconf 77' lang='lat'>(¹⁸)</span> <span class='ocrx_word' id='word_1_169' title='bbox 731 3763 880 3827; x_wconf 80' lang='lat' dir='ltr'>ibid.-</span> <span class='ocrx_word' id='word_1_170' title='bbox 915 3784 976 3841; x_wconf 84' lang='lat' dir='ltr'>p.</span> <span class='ocrx_word' id='word_1_171' title='bbox 1017 3766 1136 3839; x_wconf 61' lang='grc' dir='ltr'>οὓς</span> <span class='ocrx_word' id='word_1_172' title='bbox 1171 3784 1272 3845; x_wconf 80' lang='lat'>⁹9·</span> 
     </span>
     <span class='ocr_line' id='line_1_27' title="bbox 585 3904 1132 3989; baseline 0.002 -20"><span class='ocrx_word' id='word_1_173' title='bbox 585 3904 703 3989; x_wconf 70' lang='lat' dir='ltr'>st)</span> <span class='ocrx_word' id='word_1_174' title='bbox 743 3906 894 3972; x_wconf 85' lang='lat' dir='ltr'>lbid.</span> <span class='ocrx_word' id='word_1_175' title='bbox 931 3924 995 3986; x_wconf 86' lang='lat' dir='ltr'>p.</span> <span class='ocrx_word' id='word_1_176' title='bbox 1030 3922 1132 3986; x_wconf 79' lang='lat'>29.</span> 
     </span>
    </p>
   </div>
  </div>
 </body>
</html>
