2719 4895
1912 439 2011 506 IX

67 663 256 758 cium
311 649 905 746 tabernariarum
958 675 1189 742 more
1203 712 1229 753 ‚
1287 649 1449 740 nec
1502 665 1783 740 tamen
1822 655 1989 765 fine

61 839 464 936 altissimis
520 832 1000 946 superciliis,
1059 831 1717 945 philosophetur;
1773 859 2004 945 prae·

59 1021 335 1118 sertim
359 1073 384 1116 ,
461 1017 522 1104 fi
599 1013 1190 1102 homunculum
1209 1073 1238 1117 ‚
1306 1013 1761 1120 quantillus
1824 1003 2001 1130 'ego

65 1199 288 1301 sum,
359 1193 1147 1294 malevolentissimis
1201 1191 1625 1280 adoriatur
1678 1197 2006 1286 obtrec-

63 1373 528 1467 tationibus
629 1387 888 1484 atque
979 1373 1401 1462 calumniis
1445 1429 1475 1474 2
1575 1399 2005 1484 meamque

73 1557 280 1644 adeo
349 1554 648 1642 famam
685 1615 716 1652 ,
811 1546 1262 1640 mendaciis
1339 1552 1771 1642 mendacia
1857 1581 2005 1642 cu-

77 1733 511 1835 mulando,
569 1729 1094 1846 impudenter
1151 1727 1457 1822 laceret
1492 1797 1519 1837 ,
1571 1753 1719 1823 aut
1774 1753 2009 1826 certe

91 1914 178 1999 in
229 1916 772 2026 suspicionem
831 1907 1068 2021 vulgi
1127 1907 1541 2010 adducere
1597 1933 1947 2008 conetur
1966 1921 2005 2001 Ξ)

95 2085 557 2203 Utrumque
621 2089 838 2174 enim
896 2087 1062 2174 hoc
1119 2113 1172 2172 a
1239 2087 1787 2204 thenbachio
1842 2097 2011 2182 fac·

89 2280 262 2354 tum
318 2267 489 2356 esse
549 2271 770 2378 (eum
831 2291 1125 2380 nempe
1185 2281 1274 2352 et
1336 2267 1443 2356 de
1480 2271 2009 2392 Philosophia

81 2445 334 2547 critica
409 2450 730 2545 aniliter
811 2447 1222 2569 garriisse‚
1303 2469 1393 2545 et
1462 2478 1722 2541 meam
1780 2456 2011 2586 fimul

79 2628 477 2719 lacerasse
533 2624 875 2741 famam)
903 2691 934 2728 ,
1017 2632 1461 2743 utriusque
1520 2620 1955 2745 Epistolae
1978 2696 2005 2736 ‚

88 2828 270 2897 cum
337 2802 1042 2926 thenhachianae
1111 2812 1216 2895 ad
1271 2810 1708 2932 Lyndenum
1731 2872 1759 2913 ‚
1830 2834 2007 2899 tum

81 3009 304 3081 meae
358 2986 464 3071 ad
515 2986 1180 3105 thenbachium‚
1265 2988 1617 3087 Lectori
1672 2990 2013 3080 dubium

79 3164 246 3253 esse
318 3168 965 3284 haudquaquam
1051 3184 1358 3284 potest.
1492 3168 1643 3298 En
1722 3170 2029 3264 umbra.

69 3298 312 3451 igitur
419 3349 564 3437 sua
635 3354 805 3463 Jam
879 3354 968 3447 in
1053 3348 1330 3437 lucem
1403 3348 1757 3460 prodeat
1834 3350 2009 3441 foe-

73 3523 224 3611 dus
283 3527 864 3637 conviciator,
925 3545 1056 3629 et,
1119 3526 1175 3611 fi
1225 3526 1403 3637 qua
1458 3530 1776 3625 ratione
1818 3558 2015 3644 pos·

71 3670 216 3829 fit*²
276 3715 440 3803 ὀξέα
481 3716 728 3787 ὀνείδεσι
784 3708 1128 3818 probet,
1189 3708 1439 3796 semet
1492 3708 1749 3819 ipsum
1794 3710 2013 3796 suas·
2068 3745 2099 3811 ·.
2171 3690 2179 3699 ’
2227 3745 2234 3752 ·
2312 3682 2315 3691 ’

73 3902 238 3987 que
331 3902 974 3992 praeceptorum
1079 3884 1641 3984 Kantianorum
1739 3912 2019 4001 repre·

1811 4062 2019 4149 hen-
