2719 4895
795 421 1186 526 (90)

10 619 326 720 &eundae
354 707 365 720 ὓ
394 619 747 712 tertiaeque
796 613 1181 714 Philosophi
1224 618 1624 697 Academiae
1639 675 1662 712 ‚
1715 629 1932 702 omni-

0 771 99 832 no
166 765 405 843 negant
468 765 695 818 verum
760 748 1079 842 cognosci
1136 746 1370 839 posse,
1433 749 1500 821 hi
1551 771 1768 824 tamen
1817 755 1929 829 de·

6 883 268 950 cretum
328 871 607 967 aliquod
649 868 1017 965 ‘statuunt-
1082 892 1217 944 non
1282 876 1500 946 miuus
1539 895 1740 967 atque
1787 878 1926 967 illi,

1 1001 162 1092 qui,
228 1018 385 1070 cum
453 995 970 1092 Peripateticis,
1041 994 1327 1084 διοίσω,
1403 1019 1598 1092 atque
1667 1001 1916 1096 Epicra-

0 1123 227 1208 raeis,
310 1141 377 1225 et
451 1121 629 1210 esse,
702 1141 773 1196 et
855 1123 1109 1215 percipi
1168 1116 1430 1215 posse‚²
1471 1143 1697 1195 verum
1767 1123 1918 1218 p'ro·

0 1251 318 1336 nuntiant,
404 1246 487 1320 ab
566 1246 697 1323 illis
766 1267 854 1320 eo
938 1268 1187 1322 tantum
1259 1245 1664 1335 differ-caten,
1739 1245 1917 1340 quod

0 1371 233 1472 horum
332 1367 664 1444 decretum
760 1367 841 1443 fit
922 1389 1189 1464 negans
1218 1417 1247 1454 ,
1350 1368 1618 1443 illorum
1703 1371 1922 1466 ajens.

0 1493 201 1594 Quod
275 1515 479 1587 quum
564 1496 653 1564 ita
710 1491 791 1566 fit
822 1541 849 1579 ,
933 1493 1229 1570 nondum
1300 1494 1494 1570 video
1523 1546 1546 1581 ,
1628 1495 1925 1594 Negan-

0 1637 88 1695 tes
108 1667 135 1708 ,
214 1643 353 1694 rem
430 1620 481 1691 fi
568 1623 791 1714 exigas
820 1669 845 1706 ,
926 1640 1046 1692 cur
1120 1613 1693 1717 Dbgmaticorum
1783 1622 1928 1694 exi·

0 1747 207 1824 mendi
270 1747 388 1820 fint
435 1758 733 1828 numero·
800 1742 1017 1840 Quin
1064 1745 1285 1838 potius
1332 1741 1687 1826 dicendum
1739 1746 1930 1825 vide·

0 1895 90 1947 :ur
106 1923 130 1959 ,
194 1893 264 1944 et
310 1871 572 1964 ajemes
616 1889 689 1942 et
733 1883 1096 1966 negantes,
1152 1866 1397 1940 diversa
1446 1869 1752 1961 quamvis
1800 1869 1932 1944 fint

0 1995 192 2069 :lasfis
257 2015 325 2066 et
392 1993 567 2086 quefi
630 1991 887 2082 forma,
945 1993 1031 2066 ad
1090 1991 1267 2066 idem
1332 1989 1928 2092 Dogmasicorum

0 2143 182 2222 genus
250 2117 479 2194 referri
554 2139 625 2224 et
708 2120 939 2217 posse,
1001 2139 1087 2193 et
1137 2139 1301 2200 vero
1369 2120 1568 2195 etiam
1633 2115 1920 2194 debere.

0 2243 272 2332 )einde,
330 2264 400 2317 et
464 2215 755 2330 wirici,
796 2247 911 2337 qui
960 2242 1160 2316 hodie
1206 2247 1364 2320 κατ’
1407 2241 1629 2336 ὅξοχην
1677 2241 1920 2342 dicun-

0 2391 115 2455 ur,
182 2391 399 2462 neque
464 2367 548 2440 ad
614 2367 940 2464 Scepticos
1004 2367 1231 2440 referri
1292 2367 1570 2461 possunt
1591 2415 1616 2455 ,
1687 2387 1918 2461 neque

0 2490 55 2564 kd
118 2491 568 2579 alterutrams
562 2514 804 2585 -quam
873 2489 1046 2578 dixi,
1115 2490 1688 2589 Dogmaticorum
1751 2491 1897 2566 for·

0 2621 187 2691 n'amz
251 2636 329 2690 ut
396 2618 594 2717 igitur
648 2615 760 2707 hi,
808 2617 921 2687 nifi
973 2618 1127 2709 quis
1184 2616 1370 2689 adeo
1422 2615 1578 2691 velit
1633 2618 1898 2709 iniquus

0 2709 147 2827 isse,
222 2762 307 2815 ut
394 2750 680 2815 omnem.
744 2740 873 2813 iuis
927 2744 1093 2815 inter
1150 2738 1592 2836 Philosophus
1657 2738 1876 2823 locum

0 2864 291 2965 [onega.
363 2864 488 2937 alia
552 2886 761 2959 enque
820 2888 997 2945 nova
1057 2864 1628 2963 Philosophorum
1673 2865 1875 2941 forma

0 3010 30 3062 r
70 2987 353 3066 habendi
400 2990 523 3063 fint
560 3010 631 3065 et
674 2989 961 3067 dicendi.

58 3240 255 3317 Hanc
320 3261 537 3317 autem
605 3212 1127 3316 distributionem
1178 3260 1250 3315 tu
1297 3246 1494 3316 variis
1541 3244 1886 3345 impugnas

0 3369 341 3443 ationibus.
434 3365 725 3443 Primum
742 3417 769 3455 ,
846 3365 928 3437 ad
999 3367 1301 3439 historiae
1361 3362 1562 3440 fidem
1637 3394 1881 3465 provo-

0 3516 93 3567 es.
188 3494 578 3587 Perperam,
650 3513 757 3573 me
816 3487 1060 3587 judice.
1173 3488 1337 3565 Non
1400 3494 1578 3567 enim
1648 3498 1875 3595 negavi

0 3638 285 3708 nquam,
346 3620 495 3704 sed,
551 3641 820 3706 contra,
884 3618 1130 3725 disertis
1178 3618 1394 3697 verbis
1435 3616 1638 3694 fassus
1685 3622 1858 3707 sum,

0 3739 305 3813 Veteribus
366 3764 547 3829 eam,
631 3722 845 3837 ιιιιιιιιι
890 3766 963 3821 ιιι
1017 3744 1404 3839 sequendam
1469 3768 1704 3841 putas,
1777 3743 1866 3817 di·

0 3864 263 3983 ifionegn
324 3865 666 3959 placuisse.
766 3866 903 3943 Sed
969 3872 1100 3942 hoc
1168 3868 1301 3967 dixi
1367 3868 1454 3945 ad
1517 3894 1667 3947 rem
1709 3866 1862 3947 nihil

1779 3994 1868 4071 fa·
