2719 4895
1311 461 1358 558 (
1456 466 1590 547 ηδ
1664 464 1734 561 ,)

536 662 678 735 hoc
743 664 991 753 primus
1039 658 1399 732 conclusstz
1482 676 1663 733 recte
1732 681 1941 758 agere
2006 662 2251 755 debe03
2322 690 2509 767 ergo

536 804 638 865 est
683 783 911 860 Deus.-
961 788 1199 859 caeteri
1265 806 1497 856 omnes
1550 806 1839 858 naturam
1893 805 1959 858 et
2012 790 2339 861 rationem
2392 794 2505 865 se-

545 924 821 1007 quentes
875 914 1000 984 fic:
1061 910 1257 981 Deus
1322 925 1467 997 est,·
1528 932 1688 1005 ergo
1750 924 1931 982 recte
1992 932 2207 1007 agere
2272 916 2493 993 debeo.

545 1039 656 1113 An
697 1042 894 1137 igitur
953 1033 1116 1107 illud
1163 1038 1409 1105 ratione
1462 1034 1842 1107 conclusum
1887 1035 2098 1106 est?”
2146 1036 2490 1129 Primum,

549 1162 674 1241 Vir
731 1150 1037 1235 mirifice!
1099 1183 1140 1232 e
1183 1156 1487 1244 Kantio,
1540 1176 1611 1230 ut
1658 1161 1746 1228 ita
1786 1156 1999 1230 dicam
2020 1209 2045 1248 ,
2076 1158 2492 1257 saltatorem

541 1290 711 1365 facis
763 1287 1086 1387 Logt‘cum
1105 1336 1130 1373 ,
1179 1284 1286 1356 seu
1341 1282 1809 1357 Dialecticum
1828 1334 1852 1369 ,
1902 1286 2017 1375 qui
2066 1272 2343 1377 nesciat,
2392 1292 2489 1365 le-

546 1402 638 1517 ge
705 1430 971 1487 cautum
1035 1410 1215 1497 esse,
1295 1431 1383 1480 ne
1428 1424 1567 1504 per
1612 1407 1873 1503 saltum
1936 1406 2051 1481 fiat
2114 1408 2485 1504 disputatio.

550 1536 690 1621 At,
771 1536 938 1607 mihi
1001 1534 1228 1607 crede!
1289 1532 1581 1629 saltavit
1628 1552 1981 1624 ‘nunquam
2026 1532 2362 1623 Kanum,
2408 1558 2483 1610 et

553 1662 780 1741 abesse
825 1660 1178 1756 plurimum
1229 1659 1472 1731 debere
1518 1660 1558 1731 ὲ
1597 1654 1927 1755 saltatore
1974 1656 2475 1757 Phihsbphum,

547 1792 694 1886 ipse
759 1788 1038 1864 docuit..
1112 1784 1420 1871 Deinde,
1502 1800 1957 1879 argumentum
2032 1785 2205 1856 hoc:
2294 1787 2461 1859 Dem·

551 1919 700 2003 ατς
766 1936 925 2010 ergo
989 1926 1172 1985 recte
1236 1930 1444 2007 agere
1488 1908 1728 1981 debeo:
1787 1907 1908 1979 tibi
1956 1904 2221 1981 videtur
2264 1910 2455 1983 mimi

555 2058 951 2133 congruens.
1050 2034 1202 2109 Nec
1252 2038 1494 2118 miror,
1538 2034 1671 2105 tibi
1718 2036 1852 2105 hoc
1899 2034 1989 2105 ita
2038 2034 2266 2109 videri.
2356 2034 2473 2105 Ve-

553 2166 648 2239 ris
715 2182 928 2253 tamen
977 2158 1401 2255 Philosophis
1454 2160 1639 2233 secus
1686 2157 1981 2247 videtur,
2028 2180 2097 2231 et
2140 2162 2273 2254 jam
2328 2161 2486 2235 olim

551 2286 742 2365 secus
805 2288 1004 2365 visum
1069 2306 1188 2360 est.
1301 2282 1748 2358 Communem
1812 2282 2080 2375 quidem
2146 2284 2493 2357 hominum

529 2432 850 2488 ‘intutam
917 2434 960 2486 e
1007 2410 1566 2504 contemplatione
1628 2410 1817 2502 hujus
1880 2407 2099 2481 mundi
2144 2408 2495 2478 notionem

559 2537 883 2632 suscipere
947 2533 1130 2620 Dei,
1185 2556 1255 2608 et
1329 2554 1413 2606 ex
1480 2535 1603 2606 hac
1646 2534 1792 2608 Det·
1808 2585 1831 2622 ,
1882 2555 1955 2608 ut
2000 2529 2452 2629 Lagistatms
2472 2586 2497 2623 ,

559 2666 836 2757 notione
907 2657 1357 2755 necessitatem
1398 2675 1619 2732 ’recte
1690 2659 1995 2744 vivendi,
2080 2679 2273 2752 quam
2356 2685 2501 2735 mo·

537 2785 791 2870 ‚ratem
871 2784 1072 2854 hodie
1137 2779 1560 2874 appellant&
1594 2781 1835 2854 ducere
1900 2759 2109 2855 solere
2132 2835 2159 2871 ,
2230 2803 2332 2856 res
2388 2807 2501 2859 est

557 2902 894 2978 notissima
921 2957 946 2990 ,
1025 2925 1220 2996 quam
1293 2929 1493 2980 nemo
1564 2908 1906 2982 inficietur.
2032 2911 2272 2984 Verum
2354 2933 2495 2983 non

567 3031 986 3134 quaerimus,
1047 3031 1209 3123 quid
1269 3032 1505 3130 vulgus
1560 3037 1910 3126 opinetur,
1974 3033 2085 3106 sed
2134 3033 2293 3128 quid
2346 3032 2505 3108 Phi-

565 3155 870 3250 losoph‘is
911 3157 1242 3246 videatur,
1293 3179 1363 3231 ot
1396 3160 1627 3231 rationi
1677 3159 1752 3230 fit
1796 3157 2322 3244 consentaneum.
2388 3158 2503 3234 Ne

569 3299 787 3354 nutem
847 3279 931 3352 de
999 3279 1255 3354 Kantio
1335 3281 1610 3371 aliisque
1678 3280 2153 3352 recentioribus
2222 3283 2334 3354 hic
2404 3284 2512 3356 di·

563 3408 773 3504 cnm,
804 3409 868 3477 in
917 3429 1091 3498 quos
1139 3405 1482 3489 invidiam,
1536 3385 2089 3509 indignationem,
2134 3427 2204 3478 et
2251 3407 2337 3479 de
2394 3411 2508 3480 tri·

572 3535 689 3600 vio
767 3532 1066 3602 convicia
1127 3551 1433 3618 evomere
1508 3529 1707 3618 soles,
1772 3553 2133 3632 provocare
2186 3531 2267 3604 ad
2332 3530 2502 3604 divi·

571 3672 734 3724 num
815 3627 1162 3726 Socratem
1245 3655 1423 3727 licet.
1524 3651 1655 3726 Hic
1740 3658 1959 3740 enim,
2010 3645 2200 3750 'apud
2260 3659 2507 3732 Plato·

579 3791 736 3846 nem
757 3819 782 3858 ,
837 3775 905 3843 in
967 3796 1168 3850 aureo
1230 3772 1739 3873 Eutbyphront‘s
1784 3775 2050 3876 dialogo
2065 3828 2094 3865 ‚
2140 3781 2311 3856 hanc
2344 3803 2505 3877 pro-

2381 3927 2501 4001 ΡΟ·
