2719 4895
1349 459 1770 562 (104)

594 641 751 736 -tth
812 657 1104 733 rationis
1160 674 1410 755 purae.
1509 659 1900 744 Caeterum,
1969 657 2150 750 quod
2216 658 2484 732 Lectori·

608 787 730 860 bus
800 787 1177 878 persuadere
1242 789 1339 860 vis
1405 773 1592 880 (*),”
1642 809 1788 874 me,
1855 787 2211 882 ignorantia
2273 785 2486 856 Latini·

605 913 786 996 tatiS‚
853 933 989 983 non
1056 911 1480 996 intellexisse,
1553 911 1712 1002 quid
1778 913 1850 983 fic
1885 909 2195 1008 stamma,
2247 909 2484 1000 etquid

588 1034 1007 1132 paucissimis
1075 1037 1347 1132 punctis
1435 1052 1711 1122 notata,
1795 1057 1894 1107 est
1975 1035 2144 1106 illud
2208 1032 2480 1126 profecto

604 1181 757 1232 cum
823 1153 1233 1246 ridiculum‚'
1278 1183 1415 1234 tum
1483 1161 1774 1232 fallaciae
1839 1182 1908 1232 et
1970 1160 2324 1232 calliditatis
2371 1159 2486 1249 ple-

492 1375 506 1392 ·
608 1309 790 1358 num.
900 1285 1049 1358 Tua
1129 1289 1303 1357 enirn
1379 1286 1588 1378 probe
1671 1284 1959 1356 intellexi
2036 1286 2276 1370 verba,
2353 1305 2486 1374 quae

604 1409 950 1500 perspicua
1020 1411 1200 1494 sunt,
1270 1429 1337 1480 et
1410 1409 1572 1480 nihil
1625 1409 1864 1480 habent
1903 1408 2114 1480 dubii.
2210 1405 2336 1477 Sed
2378 1425 2486 1474 me·

602 1549 710 1608 am
776 1549 1059 1602 mentem
1113 1551 1151 1599 a
1202 1549 1267 1599 te
1308 1528 1504 1600 video
1547 1550 1682 1599 non
1732 1527 2130 1600 intellectam
2179 1528 2327 1599 esse.
2413 1524 2484 1596 Ita

607 1675 785 1726 certe
844 1650 1151 1744 simulas.
1254 1651 1474 1724 Velim
1541 1655 1737 1748 igitur
1798 1651 1994 1738 scias,
2051 1675 2158 1723 me
2207 1651 2492 1740 haudqua-

610 1801 808 1870 quam
856 1801 921 1848 te
970 1779 1123 1850 ideo
1173 1753 1411 1864 rifisse‚
1460 1777 1640 1866 quod
1675 1774 2024 1871 summam
2072 1797 2312 1850 tantum
2353 1775 2490 1845 doc·

500 1920 505 1928 ’
546 1915 554 1958 ῑ
606 1906 809 1974 trinae
848 1901 1253 1974 Kantianae
1301 1901 1682 1985 tradideris,
1733 1898 2099 1995 multasque
2137 1923 2339 1996 partes
2379 1899 2490 1992 ejus

606 2029 873 2100 intactas
942 2027 1319 2117 reliqum-IS,
1404 2025 1510 2096 sed
1577 2025 1758 2116 quod
1817 2047 1968 2111 eae,
2041 2050 2201 2119 quas
2267 2033 2492 2120 tangere

610 2151 813 2225 velles
834 2201 852 2230 ,
899 2169 1131 2242 ,partes
1176 2149 1646 2242 perverfisfime
1692 2149 2113 2241 proposueris
2134 2203 2158 2235 ,
2203 2171 2383 2242 atque
2425 2148 2526 2216 ita'

612 2277 915 2368 quidem,
964 2296 1038 2348 ut
1062 2277 1139 2346 in
1158 2271 1580 2368 paucissimis
1607 2277 1734 2356 iia,
1780 2269 1950 2365 quae
1999 2295 2287 2354 notares,
2321 2291 2496 2374 punc·

611 2405 693 2472 tis
722 2447 748 2485 ‚
808 2398 1023 2491 ›plane
1108 2391 1502 2472 eontrarium
1585 2399 1818 2469 dixeris
1899 2419 2134 2471 eorum
2163 2447 2185 2485 ‚
2269 2394 2491 2487 quaea

612 2520 869 2596 Kantio
934 2524 1115 2595 fuere
1183 2522 1379 2593 dicta.
1481 2520 1586 2592 Tu
1653 2542 1812 2616 ergo
1832 2572 1855 2607 ‚
1911 2521 2048 2611 Vir
2083 2518 2300 2615 'perite
2318 2520 2344 2589 !
2387 2514 2494 2606 (fic

615 2646 791 2719 enirn
861 2664 967 2719 tua
1052 2636 1174 2717 tibi
1242 2645 1438 2716 verba
1501 2642 1739 2714 referre
1789 2648 1967 2715 'mihi
2047 2647 2278 2734 liceat)
2337 2637 2508 2711 habes

616 2774 793 2863 quod
854 2786 919 2840 te
982 2766 1113 2863 ’'Pss
1177 2768 1412 2840 rideas
1430 2818 1454 2853 ‚
1513 2766 1859 2865 defignare
1898 2770 2050 2843 vim
2095 2786 2294 2865 atque
2333 2756 2498 2851 confi·

616 2890 787 2963 lium
836 2890 1184 2959 doctrinae
1234 2865 1560 2963 volentem
1583 2940 1607 2979 ,
1651 2892 1835 2986 cujus
1879 2914 1963 2965 ne
2011 2896 2224 2987 prima
2265 2881 2499 2988 quidem

616 3012 987 3089 intellexisti
1036 3014 1376 3107 principia.

716 3257 873 3335 Hoc
937 3286 1149 3339 autem
1200 3289 1283 3339 ne
1330 3270 1478 3359 quis
1523 3216 1692 3342 forte
1740 3270 1799 3341 a*
1823 3288 1928 3339 me
1977 3290 2060 3342 ex
2109 3265 2338 3341 invidia
2383 3258 2498 3329 die-

623 3406 763 3459 tum
801 3411 1031 3481 putet,
1076 3394 1361 3466 animum
1407 3416 1607 3488 porro
1643 3393 1970 3489 paulisper
1999 3394 2278 3473 attendat
2301 3388 2376 3460 ad
2403 3402 2498 3459 ea,

2354 3522 2498 3599 quae

629 3738 2492 3789 —w

698 3864 805 3975 ζ’)
845 3888 995 3951 thid.
1028 3905 1091 3967 p.
1132 3874 1271 3969 3a.'
1365 3860 1412 3900 s
