2719 4895
176 462 262 532 P.
282 398 412 567 iv.
439 459 616 553 en,
646 406 730 525 u.
756 444 881 525 m:
906 454 1183 527 FONT.
1211 441 1560 531 noem.
1585 456 1865 532 ωεστ.
1889 404 2046 549 ’,45

106 632 379 743 potius
402 647 521 719 usu
558 666 756 741 quam
775 648 1143 744 praeceptis
1172 646 1638 743 cognoscenda
1659 648 1800 721 fint.
1849 647 2044 722 Prae⁴

128 773 349 860 cipua
380 787 541 839 vero
567 766 893 863 ejusmodi
920 766 1097 837 sunt:
1138 785 1255 853 ut,
1284 788 1396 839 aut
1428 769 1654 841 falsam
1695 764 1872 841 suam
1901 768 2046 840 sen·

130 888 467 987 tentiam,
503 884 721 980 aliqua
756 880 1171 955 {imilitudine
1200 904 1309 957 aut
1342 886 1602 959 fallacia
1618 936 1647 977 ‚
1680 906 1836 959 cum
1864 906 2044 959 certa

126 1005 367 1099 aliqua
400 1022 471 1074 et
505 1024 659 1076 vera
692 1002 1472 1111 sententiaxconnectant,
1503 1010 1688 1077 etita
1707 1006 1881 1077 fixam
1901 1006 2039 1077 dis-

130 1124 563 1218 putationem
601 1144 641 1195 a
677 1120 1145 1194 communibus
1192 1122 1578 1195 notionibus
1606 1142 1676 1195 et
1719 1125 2042 1197 evidenti·

128 1244 275 1317 bus
306 1244 511 1315 initiis
544 1240 789 1315 ducere
834 1242 1211 1314 videantur:
1260 1262 1374 1313 aut
1397 1282 1421 1329 ,
1470 1244 1864 1315 contrariam
1897 1242 2042 1315 sen-
2083 1336 2094 1347 ἱ

139 1364 425 1435 tentiam
435 1359 667 1457 jocose
686 1360 1050 1455 festiveque
1066 1362 1440 1455 exagitent,
1459 1359 1700 1432 salibus
1717 1344 2041 1449 obruant,

136 1480 437 1576 risuique
491 1498 865 1576 exponant:
932 1500 1045 1551 aut
1090 1500 1281 1551 acuta
1342 1480 1810 1576 ingeniosaque
1868 1480 2044 1553 dicta

138 1619 535 1694 opportune
570 1600 864 1693 injiciant
882 1644 909 1683 ,
956 1618 1025 1667 et
1068 1600 1245 1689 quasi
1296 1600 1556 1671 vibrent
1595 1602 1666 1670 in
1720 1600 2046 1687 lectores,

140 1738 443 1812 quorum
486 1718 587 1787 illi
623 1716 1051 1786 admiratione
1091 1715 1370 1807 perculfi
1389 1764 1414 1799 ,
1462 1736 1548 1785 ne
1567 1737 1694 1807 per
1721 1717 2048 1791 somnium

141 1833 427 1929 quidem
462 1832 547 1903 de
580 1830 856 1901 fallaciis
889 1832 1191 1925 cogitant
1216 1880 1241 1919 ‚
1296 1831 1410 1901 sed
1465 1836 1707 1905 invicta
1759 1826 2048 1906 veritatis

140 1954 219 2026 vi
269 1947 465 2024 obrui
508 1949 575 2020 se
620 1966 877 2043 putant.

255 2070 527 2165 Itaque,
578 2067 865 2141 detracta
896 2069 1067 2137 inani
1101 2087 1390 2160 pompa,
1441 2066 1679 2140 nudam
1709 2073 2049 2143 veritatem

144 2192 725 2284 spectemust‘et‚
772 2186 1177 2275 circumcisa⁴
1205 2188 1387 2256 omni
1427 2186 1780 2258 verborum
1821 2190 2051 2261 amba-

148 2328 282 2403 ge,
320 2326 538 2380 totum
576 2304 817 2378 librum
854 2307 919 2374 in
959 2305 1413 2375 brevisfimum
1437 2305 1908 2399 compendium
1949 2327 2056 2378 re.

152 2426 509 2521 digamus3
556 2442 633 2498 ut
676 2425 1005 2496 rationum
1047 2410 1579 2508 connexionem,
1629 2443 2049 2520 argumento·

144 2565 437 2644 ‘rumque
469 2545 1007 2618 consecutionem
1027 2591 1051 2630 ‚
1099 2564 1238 2624 uno
1270 2543 1446 2638 quasi
1467 2535 1710 2615 obtutu
1739 2565 2049 2637 compre-

153 2665 543 2768 hendamus·
1999 2725 2004 2730 .

176 2799 187 2814 ¹
222 2776 547 2876 'Reliqua
575 2801 741 2854 veto
783 2767 961 2853 bon'a
992 2779 1184 2869 libri,
1211 2799 1381 2873 quae
1424 2778 1690 2872 quidem
1723 2779 1924 2877 digna
1955 2783 2055 2852 vi·

155 2901 395 2972 dentur
428 2901 789 2982 memoria‚
835 2877 1305 2992 excerpamuS‚
1338 2916 1410 2969 et
1455 2898 1574 2970 suo
1612 2920 1924 2994 quaeque
1957 2901 2064 2972 lo·

160 3042 253 3095 co
286 3035 408 3110 per
444 3011 953 3086 adversariorum
980 3015 1189 3084 libros
1222 3014 1472 3130 digesta
1507 3017 1984 3089 custodiamus.

1002 3179 1070 3270 §.
1176 3201 1241 3274 3.

530 3331 677 3404 ‘De
723 3326 1004 3414 Libris,
1046 3327 1171 3420 qui
1218 3323 1487 3420 legendi
1519 3317 1690 3418 sunt

266 3487 625 3560 Librorum
670 3483 887 3552 omnis
932 3479 1207 3548 varietas
1244 3474 1326 3546 ad
1365 3473 1612 3567 duplex
1641 3493 1848 3568 genus
1877 3491 2068 3544 revo-

147 3626 391 3682 catur:
460 3623 751 3698 quorum
810 3597 1085 3671 alterum
1136 3599 1205 3666 in
1265 3594 1468 3666 rebus
1517 3589 2067 3685 contemplationi

176 3726 479 3818 subjectis
500 3767 525 3807 ‚
574 3723 679 3793 seu
718 3717 1199 3817 Dogmaticis‚
1230 3713 1506 3786 alterum
1535 3717 1602 3784 in
1639 3713 1834 3784 rebus
1865 3711 2090 3800 facti,

178 3845 285 3916 seu
336 3841 743 3924 Historicis;
790 3837 1098 3909 versatur.
1200 3831 1294 3905 Et
1352 3836 1421 3906 in
1475 3831 1851 3906 Historicis
1903 3829 2074 3902 illud

182 3965 455 4058 primum
492 3959 813 4056 agendum
878 3963 1031 4042 est3'
1094 3974 1171 4025 ut
1233 3953 1568 4025 universae
1629 3951 1962 4024 Historiae
2002 3965 2072 4020 et

184 4078 646 4175 Geographiae
703 4079 1005 4165 brevem,
1054 4073 1165 4145 sed
1211 4090 1516 4146 accurate
1561 4071 1630 4142 in
1675 4071 1826 4143 suos
1868 4066 2066 4140 locos
2145 4074 2152 4080 ’

1042 4192 1113 4293 Q
1164 4213 1207 4288 3
1347 4232 1372 4246 ι
1914 4205 2084 4257 tem·
