2719 4895
997 286 1376 385 (77)

229 486 764 583 prehenfionem,
815 482 1084 577 perinde
1132 501 1210 555 ac
1259 481 1312 555 ss
1364 482 1531 552 haec
1582 480 1809 575 injuria
1857 482 2025 551 esset
2070 502 2153 553 ex

223 608 762 683 aoeocisfimarum
794 600 806 621 '
836 622 1069 699 genere
1090 653 1116 690 ,
1185 604 1614 674 vehementer
1680 600 2157 688 stomachatus,

211 752 326 819 et,
379 736 725 824 χαλεπῶς
770 725 978 819 ‹scynis-
1013 726 1528 813 μεταβάλλων,
1578 742 1815 793 novem
1870 720 2008 791 fere
2044 738 2158 792 an·

213 870 346 922 nos
411 847 734 917 ultionem
785 841 1128 939 meditatus
1173 841 1539 915 vilisfimam
1562 892 1586 927 ‚
1654 844 1973 912 acerrimo
2022 862 2161 912 tan·

223 968 392 1041 dem
439 962 768 1037 vindictae
813 960 1024 1036 studio
1048 1011 1074 1048 ‚
1140 983 1276 1053 quo
1320 981 1497 1032 totus
1542 960 1773 1057 flagras
1792 1012 1813 1045 ,
1892 962 2165 1057 tut-pisss·
2211 952 2224 968 “

221 1106 420 1159 mum
479 1086 551 1154 in
595 1079 907 1167 medum,
966 1077 1035 1151 id
1073 1098 1183 1152 est
1203 1130 1225 1166 ‚
1289 1077 1689 1163 mendaciis,
1742 1078 2168 1151 obtrectatio·

229 1208 480 1291 nibuS,
546 1200 1011 1293 calumniisque
1076 1198 1361 1291 undique
1420 1198 1834 1289 conquifitis,
1912 1185 2171 1280 dbtem'-

229 1346 506 1423 petare,
560 1341 631 1396 et
685 1340 995 1414 quantum
1045 1322 1188 1395 fieri
1224 1339 1483 1416 potest,
1531 1316 1893 1393 satisfacere
1918 1292 2167 1417 §estisl

338 1582 688 1658 Hanccine
782 1588 978 1685 igitur
1038 1587 1435 1675 literafum',
1521 1606 1679 1678 quas
1742 1580 2179 1655 humaniores

237 1722 484 1779 vocant
512 1754 537 1791 ‚
613 1707 805 1793 vim,
873 1707 1197 1782 hunccine
1266 1707 1561 1781 fructum
1630 1704 1767 1777 esse
1832 1700 2180 1781 dicemus,

242 1840 360 1908 ut,
428 1827 498 1893 in
555 1826 632 1895 iis
680 1826 872 1893 etiam
921 1828 1279 1908 aetatibus,
1347 1847 1519 1917 quae
1566 1828 1695 1918 jam
1748 1822 1893 1893 sunt
1942 1819 2184 1892 confir·

249 1954 508 2020 matae,
576 1942 736 2029 quin
781 1946 848 2011 in
897 1942 1040 2033 ipsa
1084 1942 1456 2023 senectute,
1508 1944 1843 2015 hominem
1894 1944 1990 2011 eis
2035 1940 2186 2009 lite·

263 2055 354 2123 ris
415 2052 735 2125 imbutum
766 2106 790 2139 ,
857 2054 1124 2164 reddant
1187 2060 1280 2126 sui
1346 2058 1617 2147 plenum
1656 2108 1678 2141 ,
1750 2056 2195 2161 malevolum,

257 2170 652 2264 superbum,
722 2173 1187 2265 imperiosum,
1253 2173 1687 2259 insolentem,
1764 2173 2194 2259 maledicum,

252 2286 688 2383 iracundum,
740 2291 1162 2390 injuriosum,
1215 2292 1587 2367 maleficum
1604 2318 1639 2379 ,·
1688 2290 2021 2364 insatiabili
2060 2311 2195 2383 tany

245 2410 400 2486 dem
489 2412 814 2488 vindictae
901 2413 1259 2508 cupiditate
1330 2432 1725 2486 aestuantem
1766 2414 1801 2485 ’.2
1902 2412 2043 2488 Vel
2105 2434 2189 2484 an
2249 2404 2255 2409 ’
2367 2465 2375 2472 -

249 2540 496 2630 exiguo
526 2539 746 2626 potius
778 2557 844 2607 te
873 2557 1143 2624 quoque
1175 2533 1445 2604 illorum
1480 2555 1754 2606 numero
1787 2536 2147 2606 eximernus
2168 2584 2194 2620 ,

253 2653 368 2742 qui
395 2651 718 2724 literarum
737 2654 873 2725 vim
903 2667 1125 2750 prope
1162 2649 1447 2724 divinam
1467 2700 1490 2736 ,
1513 2669 1863 2742 earumque
1899 2653 2195 2748 majesta-

257 2787 392 2838 tem
453 2769 589 2844 fere
649 2771 1151 2860 incredibilem,
1217 2789 1401 2845 recte
1472 2771 1884 2864 perceperint
1917 2772 1999 2828 ⁴2
2018 2771 2183 2846 Non

259 2889 438 2957 enim
488 2894 784 2966 omnibus
831 2895 967 2968 hoc
1015 2895 1238 2968 lumen
1284 2896 1557 2968 literatis
1604 2916 1937 2992 apparet..
1997 2891 2184 2988 Quid

265 2995 524 3102 ergo?
553 3025 699 3078 nam
743 3011 1134 3085 alterutrum
1183 3015 1503 3114 eligamus
1548 3017 1811 3089 necesse
1861 3029 2027 3088 est-⁸
2080 3011 2184 3084 Te

265 3143 454 3198 certe
535 3135 728 3217 quam
793 3127 1006 3200 literas
1067 3135 1362 3220 accusare
1424 3154 1753 3227 praestat.
1829 3156 1913 3205 ne
1982 3134 2184 3227 ipsam

263 3247 468 3321 veluti
517 3243 878 3340 Rationem
927 3251 1225 3322 accusare
1272 3253 1603 3354 videamur
1624 3304 1645 3338 ,
1694 3274 1941 3344 eaque,
1976 3272 2047 3324 ut
2074 3251 2189 3325 ve-
2270 3235 2283 3250 ’

265 3370 318 3440 ri
383 3387 482 3443 est
523 3369 812 3461 justique
860 3357 1118 3455 amans,
1161 3387 1513 3475 ,tamquam
1560 3369 1825 3446 Achilla·
1872 3370 2188 3447 Homeri:

265 3505 354 3559 ca
435 3489 711 3576 Pallas,
783 3491 980 3564 nobis
1037 3511 1298 3563 manum
1364 3489 1623 3585 injiciat.
1744 3493 1853 3566 Tu
1916 3495 2131 3587 itaque
2163 3547 2189 3579 ,

259 3605 746 3701 Wg'yetenbacki
771 3611 805 3682 Ι
883 3595 986 3685 ⁸vii·
1072 3615 1364 3706 quamvis
1441 3617 1669 3709 magna
1750 3615 1826 3687 fis
1892 3612 2187 3687 doctrina

253 3745 452 3824 atque
513 3733 648 3806 acri
711 3731 1044 3828 praeditus
1111 3717 1457 3808 venustatis
1506 3734 1725 3826 sensu,
1792 3739 1924 3809 vim
1976 3749 2191 3803 tamen

1996 3851 2003 3857 ’
2114 3843 2191 3910 li·
