2719 4895
1525 212 1566 237 a·
1669 218 1672 223 .

1018 361 1069 459 (
1174 380 1317 459 129
1413 362 1464 459 )

256 544 449 629 :idem
502 549 629 630 ille
688 551 865 629 dixit
918 558 1047 636 Vir
1108 567 1406 637 eximius
1463 562 1598 657 (*):
1665 568 1724 649 ζ,
1775 542 2194 653 elegantissu'

256 680 395 750 mis
448 678 903 771 scriptoribus
953 704 1163 757 voces
1214 684 1594 776 excidisse,
1672 704 1840 776 quas
1895 681 1970 749 in
2035 674 2190 745 alii-‘-

250 800 617 873 notarunt:
686 824 757 875 et
812 803 963 922 ‘fieri
1020 828 1157 879 non
1207 812 1512 901 potuisse
1533 862 1560 899 ,
1632 810 1804 901 quin
1857 796 2188 896 quaedam

254 922 409 1015 ipse
476 923 651 997 olim
722 927 1031 1019 posuerit
1113 930 1551 1029 Archigenes
1582 986 1607 1022 ‚
1685 951 1858 1025 quae
1941 940 2191 1018 postea

250 1050 487 1121 minus
526 1064 721 1121 recte
760 1052 981 1142 polita
1012 1042 1460 1149 agnosceret:
1514 1080 1642 1129 neo
1681 1058 1794 1149 jus
1833 1050 2183 1143 corrigen-

250 1168 327 1245 di
378 1192 508 1264 per
552 1170 887 1245 admissos
942 1190 1209 1249 veteres
1255 1198 1526 1249 errores
1571 1178 1773 1247 tolli?
1793 1175 1842 1203 ”

347 1416 445 1488 Μ
460 1410 594 1491 to.
712 1420 815 1491 At
884 1440 1089 1506 vero,
1176 1440 1265 1493 ne
1340 1440 1528 1495 nunc
1598 1419 1733 1493 alia
1773 1424 2190 1513 ·reponam;

244 1560 429 1633 quos
512 1544 745 1613 notavi
786 1590 813 1629 ‚
915 1562 1181 1616 errores
1266 1566 1412 1617 non
1485 1547 1698 1617 unice
1769 1542 1922 1617 sunt
1999 1556 2186 1613 vete-

246 1681 403 1750 res,
478 1662 597 1735 sed
669 1664 830 1737 mi
898 1686 1185 1759 quoque
1271 1686 1344 1741 et
1419 1664 1790 1761 novi-fimi.
1916 1666 2182 1739 Extant

242 1788 513 1879 quippe
560 1790 633 1859 in
692 1786 941 1863 eodem
960 1840 985 1876 ‚
1036 1790 1234 1883 quod
1286 1792 1420 1863 tibi
1472 1790 1908 1886 objurgando
1969 1788 2180 1859 desti·

240 1915 482 1983 netum
539 1929 643 1981 est
660 1960 685 1997 ,
762 1909 1145 1986 volumine.
1263 1912 1366 1985 Et
1419 1912 1506 1983 ab
1579 1916 1668 1999 iis
1727 1914 2180 1995 committun-

244 2054 357 2109 tur
405 2034 807 2111 hominibus
842 2084 869 2123 ,
940 2036 1063 2128 qui
1140 2034 1209 2107 se
1276 2034 1708 2111 Lim-arum
1763 2038 2024 2130 jactant
2077 2036 2183 2127 st)

235 2160 593 2248 aedituos,
644 2177 733 2228 eo
781 2176 1049 2233 creatos
1082 2159 1376 2237 confilio
1395 2212 1424 2249 ,
1466 2180 1545 2236 ut
1553 2159 1850 2257 sanctas
1875 2159 2178 2233 illarum

239 2284 447 2363 aedes
468 2318 518 2371 ‚⁴
547 2302 719 2376 quas
776 2280 1129 2359 clamitant
1179 2305 1219 2354 a
1278 2302 1346 2355 te
1402 2285 1552 2356 esse
1595 2283 1945 2378 pollutae,
1987 2298 2184 2379 pur-

234 2424 433 2508 gent·
482 2426 689 2500 atque
758 2408 1043 2502 expient
1064 2405 1099 2477 !
1191 2406 1396 2504 Quid
1457 2427 1686 2482 autem
1727 2459 1752 2498 ,
1835 2428 1960 2502 per
2017 2430 2176 2480 om-

230 2555 359 2608 nes
421 2553 489 2608 te
542 2532 741 2606 Deos
802 2533 963 2607 oro!
1042 2533 1256 2626 magis
1320 2549 1426 2602 est
1479 2530 1902 2618 ridiculum,
1958 2555 2168 2622 quam
2287 2601 2306 2618 ,

230 2658 288 2730 fi
336 2659 535 2750 quis,
608 2655 783 2726 alios
842 2656 910 2726 se
970 2673 1418 2751 purgatumm
1485 2655 1749 2748 jactans
1804 2651 2166 2742 soi-dibuS,

233 2783 427 2854 omni
475 2778 761 2873 sqaloris
820 2778 1265 2872 sordiumque
1308 2799 1558 2875 genere
1619 2778 1766 2877 ipse
1819 2777 1888 2850 se
1953 2778 2167 2850 obru-
2243 2838 2250 2846 .

232 2923 389 2978 tum
433 2925 513 2978 ac
562 2902 711 3014 fere
760 2903 1105 2997 sepultum
1161 2905 1347 2992 esse,
1400 2903 1624 2998 palam
1685 2905 2010 3018 omnibus
2063 2903 2164 2976 fa·
2213 2903 2220 2912 '

229 3029 427 3102 ciat?
1182 3034 1187 3040 “

326 3247 419 3326 Ε.
471 3250 767 3326 Mecum
802 3271 1029 3324 tamen
1060 3265 1182 3338 tu,
1207 3205 1549 3342 Megillo,
1595 3247 1956 3343 agnosciS,
1998 3247 2157 3344 spe-

2024 3397 2104 3448 ro
2123 3396 2156 3461 s'

220 3535 2114 3576 W

300 3663 406 3740 (²⁸)
446 3664 599 3726 Ibid.
635 3683 698 3740 p.
741 3679 869 3738 130.
911 3679 1041 3737 131.

297 3763 415 3844 (†)
458 3763 609 3826 lbid.
646 3766 825 3842 praef.
862 3781 923 3840 p.
961 3779 1033 3839 43
1070 3783 1173 3942 44.i
