2719 4895
1305 450 1350 548 (
1450 473 1590 526 100
1688 451 1729 548 )

561 649 933 743 imperviisz
1010 643 1128 718 de'
1160 648 1504 741 irnperviis
1586 649 1761 719 enim
1826 644 2005 720 nulla
2060 647 2199 732 esse
2266 669 2527 744 potest.

565 795 678 844 aut
743 772 1092 866 cogitatio,
1160 765 1272 841 'aut
1333 773 1647 861 quaestio·
1760 767 2228 864 Quapropter,
2294 774 2509 869 We·

568 895 975 970 tenbacbiole
991 896 1026 968 ‚¹
1109 917 1193 968 ne
1279 919 1425 970 tuae
1508 918 1573 969 te
1656 900 1987 990 poeniteat
2005 947 2026 982 ,
2091 921 2293 989 quam
2356 904 2502 997 jac·

547 1039 664 1094 -tas
715 1019 842 1118 (¹⁸¹)
859 1071 882 1108 ,
943 1020 1197 1094 nimiae
1263 1021 1707 1094 liberalitatis
1729 1072 1750 1105 ‚
1812 1020 1952 1117 qud
2018 1022 2309 1096 scilicet!
2384 1049 2494 1098 no-

571 1141 1000 1216 mem-latione·
1066 1140 1471 1216 Kantt’anae
1536 1145 1883 1239 indulgere
1949 1143 2273 1216 volueris!
2344 1145 2489 1219 Imo

571 1266 816 1362 pudeat
879 1287 944 1340 te
1011 1269 1230 1358 potius
1282 1267 1713 1361 ignorantiae
1760 1291 1903 1345 tuae
1922 1320 1947 1357 ‚
1998 1291 2194 1362 quam
2244 1273 2467 1345 libera

549 1393 797 1465 ‘litatis
863 1391 1078 1484 specie
1143 1389 1423 1483 quadam
1482 1393 1716 1466 frustra
1783 1415 2003 1491 tegere
2024 1433 2041 1450 ι
2064 1415 2303 1469 tentas:
2360 1421 2486 1490 pu·

575 1513 727 1588 deae
787 1537 856 1586 et
916 1515 1406 1609 impudentiae,
1452 1538 1727 1608 quarum
1776 1541 1917 1590 utra
1960 1522 2169 1615 major
2204 1521 2314 1607 fit,
2358 1521 2484 1593 du-

577 1641 723 1716 bius
771 1641 1050 1716 haereo!

681 1893 888 1988 Quod
969 1894 1296 1988 reliquum
1378 1912 1481 1966 est
1564 1913 1827 1968 tuorum
1895 1893 1979 1966 de
2042 1895 2349 1987 objectiro
2394 1917 2464 1966 ac

564 2015 932 2116 subjectiva
1003 2018 1567 2092 deliramentorum
1590 2011 1641 2101 ‚'
1681 2023 1993 2096 intactum
2044 2021 2355 2111 equidem
2374 2027 2480 2092 'te-

505 2129 510 2134 '
581 2139 868 2235 linquet
947 2147 1256 2234 quoniam
1337 2164 1507 2234 quae
1584 2161 1625 2213 e
1702 2141 1867 2214 falfis
1948 2146 2290 2237 principiis
2368 2147 2497 2220 sunt

583 2265 817 2353 ducta,
885 2287 954 2340 et
1016 2267 1149 2360 ipsa
1213 2271 1431 2345 omnia
1492 2265 1643 2337 falsa
1708 2267 1827 2337 fint
1897 2269 2158 2338 necesse
2206 2291 2326 2341 est.
2430 2269 2503 2341 In

583 2397 710 2469 tuis
777 2365 1034 2476 tamets,
1097 2413 1258 2483 quas
1307 2395 1416 2462 hic
1438 2441 1461 2477 ‚
1511 2409 1587 2461 ut
1638 2390 1841 2487 vulgo
1890 2389 2094 2479 soleS‚
2142 2393 2312 2486 larga
2360 2415 2509 2465 ma-

583 2540 672 2590 nu
741 2518 1010 2591 Lectori
1058 2515 1330 2607 projicis
1378 2512 1790 2603 quisquiliiS‚
1841 2535 1945 2585 est
1988 2513 2264 2604 aliquid,
2313 2517 2507 2608 quod

493 2690 500 2701 ·
583 2644 742 2734 quin
807 2636 1301 2711 animadvertam
1376 2635 1592 2707 facere
1652 2660 1785 2709 non
1860 2640 2163 2731 possum,
2232 2662 2317 2712 ne
2388 2644 2505 2712 tibi

585 2770 854 2856 impune
905 2764 1162 2833 mentiri
1207 2780 1276 2833 et
1330 2760 1706 2834 calumniari
1752 2763 1885 2855 ipse
1921 2765 2196 2839 videare.
2286 2764 2506 2839 Nimi-

589 2908 734 2959 rum
755 2938 777 2972 ‚
817 2907 888 2958 ut
935 2885 1184 2957 ridendi
1241 2886 1478 2959 habeas
1524 2889 1897 2976 materiam,
1934 2911 2119 2976 mea,
2156 2914 2277 2985 pro
2326 2912 2513 2965 more

594 3034 712 3088 tuo
731 3063 754 3101 ‚
814 3009 1065 3103 saepius
1123 3010 1256 3104 jam
1308 3012 1643 3106 castigato
1662 3060 1688 3099 ,
1756 3014 2027 3105 turpiter
2090 3021 2407 3107 pervertis
2452 3038 2513 3089 et

591 3137 958 3229 distorques
1020 3134 1236 3207 verba.
1333 3184 1391 3223 ‚,
1435 3134 1553 3208 En
1572 3186 1595 3222 ‚
1638 3139 1751 3207 ‘ita
1794 3135 2119 3226 exclamas
2167 3139 2298 3232 (†)
2318 3192 2343 3228 ‚
2396 3140 2515 3215 mr·-

591 3283 754 3335 rum
823 3256 1203 3332 Hor-rearis·
1269 3260 1600 3331 acumen!
1658 3260 1874 3333 omnis
1893 3309 1915 3345 ,
1980 3262 2229 3351 inquit,
2269 3260 2516 3360 finium

2374 3408 2519 3483 0⁰8*

675 3730 784 3811 ζ’)
823 3734 972 3797 Ibid.
1009 3752 1074 3813 p.
1111 3752 1218 3815 43.

675 3862 792 3947 (†)
827 3866 974 3931 Ibid.
1010 3884 1075 3944 p,
1109 3886 1234 3947 430⁴.
