2719 4895
942 261 1278 426 (7)

132 471 270 552 lem
317 468 595 549 accedas
611 517 639 561 ,
699 485 890 542 more
937 483 1059 541 tuo
1107 464 1383 540 suaviter
1426 483 1787 563 arguteque
1830 476 2061 570 nugari

129 579 417 688 incipis,
477 613 611 678 ut,
675 584 924 662 leviore
967 585 1144 679 quafi
1191 585 1326 659 hoe
1376 586 1580 676 cibo,
1644 587 1933 664 lectores
1978 591 2065 666 ad

123 711 404 788 solidius
461 705 740 803 aliquod
802 727 874 781 et
939 703 1118 781 succi
1177 705 1435 800 plenius
1498 706 1791 784 alimenti
1852 733 2064 809 genus

127 851 517 930 praeparare
581 827 755 902 velle
819 824 1125 900 videaris·
1239 823 1537 899 Audisne
1564 827 1603 900 2
1669 825 1789 904 Vir
1836 830 2067 904 claria-

129 953 332 1024 fitne!
401 947 660 1044 nugari
717 967 786 1019 te
829 945 962 1042 ajo.
1055 941 1172 1018 Ne
1219 963 1435 1020 tamen
1478 950 1617 1021 hoc
1662 969 1729 1023 te
1779 951 2091 1026 offendat.

132 1068 456 1144 verbum!
524 1067 670 1162 Ipse
707 1069 882 1140 enim
899 1117 922 1153 ,
989 1065 1038 1140 ὂ
1083 1067 1483 1160 praeclaram
1544 1069 1778 1158 animi,
1850 1071 2067 1146 dicam

131 1209 222 1262 am
297 1189 648 1266 verborum
677 1188 720 1260 ἒ
777 1185 1212 1262 modestiam!
1279 1188 1475 1282 hujus
1531 1192 1789 1286 generis
1851 1213 2071 1266 narra-

135 1306 496 1398 tiunculaS,
563 1331 726 1400 quas
793 1327 866 1380 tu
933 1310 1006 1380 in
1069 1307 1298 1402 primis
1356 1329 1535 1382 amas
1581 1329 1651 1382 et
1694 1312 1763 1382 in
1812 1308 2068 1385 deliciis

131 1431 339 1504 habea
367 1481 393 1517 ,
483 1448 838 1526 nugarum
921 1431 1188 1502 nomine
1267 1428 1647 1525 infignivisti
1714 1427 1861 1527 (⁸¹).
1972 1429 2071 1504 Et

135 1569 320 1624 lecte
363 1549 674 1640 quidem:
721 1548 868 1624 sunt
911 1553 1134 1634 enim,
1176 1555 1513 1625 communi
1548 1533 1890 1637 omnium,
1930 1569 2071 1620 non

135 1675 295 1749 dico
343 1687 750 1765 puerorum,
798 1661 912 1737 sed
947 1667 1236 1738 virorum
1267 1665 1565 1758 iudicio,
1610 1687 1769 1741 vere
1802 1688 2027 1766 nugae
2044 1715 2073 1755 ,

137 1817 210 1868 et
255 1793 586 1888 praeterea
633 1783 824 1856 nihil.
919 1783 1016 1856 At
1071 1805 1286 1856 tamen
1341 1785 1668 1880 eiusmodi
1697 1787 1823 1860 hae
1856 1807 2075 1884 nugae
2124 1847 2135 1858 .

147 1915 320 1999 sunt,
363 1927 538 2004 quae
582 1907 949 1990 Lectores,
995 1905 1045 1976 fi
1089 1903 1409 2000 elegantis
1456 1905 1577 1978 stnt
1622 1908 1912 2004 ingenii,
1972 1905 2069 1978 al·

161 2029 416 2114 liciam,
471 2031 763 2118 capiant,
812 2023 1216 2115 illorumque
1265 2027 1521 2098 animos
1566 2029 1749 2122 grata
1791 2025 2071 2120 quadam

159 2147 487 2240 voluptate
550 2143 936 2238 perfundant
953 2191 980 2228 ,
1047 2146 1361 2236 quoniam
1424 2141 1677 2215 sensum
1724 2150 2075 2221 venustatis:

143 2285 361 2339 acrem
411 2265 836 2356 limatumque
881 2265 1008 2335 hae
1051 2281 1264 2356 nugae
1311 2263 1533 2334 secum
1584 2261 1823 2335 ferunt.
1902 2262 2081 2339 Nar·

139 2409 240 2463 ras
295 2389 493 2485 igitur
552 2385 666 2459 hie
732 2381 1007 2477 copiose
1072 2379 1320 2453 multat
1353 2383 1668 2475 ‘primum
1728 2381 1813 2456 de
1858 2401 1925 2457 te
1969 2387 2076 2480 ip·

108 2510 253 2596 ⁴s0,
313 2501 531 2600 deque
586 2486 779 2578 Patre
848 2524 964 2577 tuo
983 2554 1009 2593 ‚
1058 2505 1167 2576 cui
1215 2524 1352 2577 non
1400 2501 1609 2576 modo
1647 2504 1717 2576 τὸ
1757 2510 1867 2604 ζῇν
1883 2554 1907 2593 ,
1960 2503 2076 2579 sed

135 2650 210 2703 et
269 2630 340 2700 τὸ
381 2624 465 2702 23
499 2633 610 2728 ξξῐν
629 2658 670 2713 ,·
717 2624 962 2697 debere
1025 2644 1092 2696 te
1153 2622 1517 2719 fignificas;
1583 2622 1735 2695 dein
1785 2624 1869 2695 de
1912 2626 2079 2697 ami·

139 2754 238 2823 cis
255 2801 276 2837 ,
341 2769 512 2842 quos
565 2766 678 2819 aut
727 2766 908 2817 mors
957 2742 1080 2815 tibi
1129 2745 1441 2838 eripuerit
1460 2793 1481 2827 ‚
1542 2762 1653 2816 aut
1702 2764 2075 2841 temporum

147 2871 410 2941 varietas
451 2864 873 2951 subtraxerit,
847 2886 866 2907 ·
923 2882 1062 2937 tum
1119 2862 1203 2934 de
1255 2868 1383 2937 tuis
1428 2862 1763 2938 literarum
1814 2864 2035 2941 studiis
2048 2914 2077 2956 ,

151 2988 468 3099 variisqup
524 2986 654 3059 hac
720 2989 789 3057 in
855 2982 1176 3079 palaestra
1240 2982 1635 3071 laboribus,
1714 3006 1921 3078 porro
1986 2982 2074 3059 de

141 3108 366 3181 nostra
427 3104 679 3197 Pau-ist,
743 3102 828 3178 de
887 3102 1096 3180 turbis
1157 3124 1237 3177 ac
1285 3104 1823 3179 contentionibus
1864 3105 2082 3179 civili·

1892 3224 2019 3299 bus
2044 3276 2072 3317 ,

135 3388 2075 3481 d———u—u———un—-n———u——u——n

215 3520 342 3605 (†)
397 3524 471 3585 Ρ.
521 3534 594 3585 a·
697 3528 870 3605 .qu
907 3527 1043 3585 mets
1079 3526 1244 3603 ugit
1277 3532 1514 3585 tantum
1550 3522 1785 3585 tribuas
1796 3565 2069 3589 ........

121 3638 200 3802 ῗι
253 3642 325 3702 p.
372 3640 476 3701 7¹·
523 3629 647 3703 quis
697 3630 844 3691 veut
887 3623 1170 3705 firmus
1219 3626 1291 3689 de
1346 3624 1437 3689 hir
1488 3629 1653 3707 nugis
1689 3622 1914 3689 habim
1948 3640 2073 3687 con·

161 3726 440 3789 creberet

1011 3831 1178 3926 Δ4
