2719 4895
1291 360 1678 495 ἔρδ’)

519 558 670 655 inm
717 593 910 647 tuum
934 626 959 661 ‚
1023 576 1148 669 qui
1221 592 1482 665 partem
1538 574 1894 647 constituit
1960 572 2459 661 Bibliothecae

515 700 837 775 Crt‘n‘cae
889 698 1246 803 ultimam,
1301 721 1340 770 a
1386 696 1794 791 Bibliopola
1848 698 2129 771 missum
2168 708 2469 799 aecepiq

516 826 690 901 Erat
742 824 868 897 illo
920 844 1234 917 tempore
1283 826 1549 894 animus
1620 824 2086 895 recentissimo
2139 828 2489 897 acerbis-·

517 952 821 1042 fimoque
875 947 1164 1035 dolore,
1219 967 1308 1018 ex
1340 948 1519 1020 tanta
1562 966 1696 1021 tam
1740 950 1883 1019 cari
1930 926 2205 1041 Capitis
2242 954 2455 1021 amisa

517 1074 702 1147 {ione
762 1092 922 1144 orto
943 1122 968 1159 ‚
1023 1070 1358 1145 laceratus
1412 1071 1589 1145 adeo
1640 1090 1844 1163 atque
1901 1071 2311 1158 confectus,
2358 1093 2461 1147 ut

523 1221 686 1272 eum
736 1194 820 1267 ad
881 1196 1328 1289 scriptionem
1393 1216 1581 1269 tuam
1646 1194 2001 1291 legendam
2062 1196 2463 1293 intelligen-

527 1324 818 1415 damque
867 1341 1092 1412 neque
1141 1308 1403 1413 erigere
1425 1370 1449 1404 ,
1502 1340 1728 1409 neque
1781 1339 2091 1391 erectum
2142 1318 2463 1391 attende-

525 1470 646 1535 re,
719 1444 871 1514 satis
961 1439 1258 1531 possem.
1378 1438 1581 1511 Libri
1660 1434 1884 1514 tamen
1948 1448 2381 1537 probemium
2428 1498 2461 1532 ,

525 1565 721 1661 quod
755 1559 1122 1655 epistolam
1165 1565 1519 1651 continet,
1574 1562 1657 1634 ad
1698 1546 2151 1661 Lyndenum,
2198 1569 2467 1640 Virum

520 1686 1079 1773 nobilissimum,
1129 1708 1171 1757 a
1237 1704 1304 1757 te
1366 1688 1733 1781 scriptam,
1800 1689 1919 1789 hie
1980 1689 2128 1762 illic
2183 1690 2469 1763 evolve-

529 1820 694 1892 bam
760 1811 1134 1901 oculisque
1187 1810 1585 1884 lustrabam.
1713 1800 1776 1885 E
1842 1836 1991 1905 quo
2072 1838 2231 1887 cum
2306 1814 2473 1887 fert
2683 1894 2686 1913 Ι

531 1940 988 2033 intelligerem
1014 1984 1039 2021 ‚
1110 1934 1288 2027 quid
1359 1934 1744 2024 molireris,
1813 1960 2156 2031 quamque
2210 1954 2465 2012 contu-

526 2063 818 2141 meliose
869 2081 1146 2131 mecum
1183 2078 1464 2153 ageres,
1516 2058 1773 2129 librum
1816 2064 2151 2133 continuo
2200 2060 2286 2133 de
2320 2083 2467 2133 rna-⁶

524 2192 740 2279 nibus
813 2183 1064 2279 posui,
1133 2180 1417 2253 efficere
1492 2180 1737 2253 nolens
1808 2199 1887 2254 ut
1954 2182 2039 2253 ad
2096 2184 2465 2274 praesentis

519 2336 614 2389 ,et
657 2308 1018 2385 necessarii
1084 2296 1349 2379 doloris
1420 2305 1929 2377 vehementiam
1988 2328 2213 2379 novus
2272 2307 2465 2383 velut

527 2438 754 2514 ultro'
795 2430 1078 2528 quaesiti
1141 2408 1407 2502 doloris
1476 2418 1800 2503 cumulus
1850 2414 2309 2504 accederet.”’
2356 2471 2465 2494 —-

481 2585 486 2592 ·
533 2533 776 2668 {Eccel
829 2559 1033 2666 vpbis
1071 2553 1233 2649 plus
1281 2577 1485 2648 quam
1547 2553 1899 2628 dimidiam
1956 2559 2212 2648 primae
2265 2560 2467 2654 pagi-

543 2656 672 2762 tiae'
715 2704 976 2778 partem
1031 2677 1332 2790 praelegi
1356 2704 1383 2766 ς
1438 2678 1650 2772 idque
1690 2701 1783 2752 eo
1821 2669 2109 2756 confilio
2134 2733 2160 2771 ,
2208 2701 2287 2753 ut
2322 2692 2469 2754 non

531 2829 810 2913 ,nutum
827 2856 852 2893 ‚
913 2825 1121 2896 qua-m
1177 2823 1328 2874 mea
1391 2801 1601 2876 dictio
1658 2805 1737 2878 fit
1789 2806 2116 2880 barbara
2134 2857 2159 2894 ‚
2230 2827 2465 2878 verum

477 2935 482 2942 ’
549 2933 798 3018 etiam,
851 2948 1071 3000 nexus
1130 2925 1473 3000 orationis
1532 2950 1731 3002 meae
1794 2947 2107 3028 totusque
2182 2929 2471 3004 habitur

553 3074 760 3148 quam
803 3053 880 3126 fit
933 3051 1132 3146 plane
1185 3053 1543 3127 barbarus
1563 3105 1587 3142 ,
1642 3055 1903 3144 durus,
1969 3073 2177 3147 atque
2236 3043 2471 3148 infice-

541 3197 714 3270 tas,
763 3198 1056 3274 uterque
1107 3196 1409 3252 vestrum
1450 3177 1835 3278 intelligat·

357 3374 364 3383 -
446 3331 516 3399 's

533 3505 561 3516 ,,
659 3431 749 3506 Μ
767 3455 897 3506 aa.
995 3433 1160 3532 Ego
1228 3452 1451 3506 tamen
1526 3403 1703 3506 {1511ss
1772 3429 2165 3526 istiusmodi
2236 3427 2483 3528 depr&

559 3556 812 3630 hendo.

2336 3759 2690 3910 erkl
