2719 4895
1069 285 1449 386 (67)

291 491 620 566 vetatione
665 483 1107 570 affirmaverit,
1179 482 1401 576 probe
1452 459 1633 568 scio,
1680 481 2025 577 sciuntque
2072 503 2215 558 me-

289 635 442 686 cum
507 611 742 695 multi,
808 603 1048 696 quibus
1089 601 1267 674 idem
1317 601 1441 673 Vir
1484 599 1599 674 ilie
1646 602 1859 678 clarus
1908 604 2219 680 ostende-

284 753 406 806 rat.
509 728 648 802 Sed
691 725 857 799 nolo
910 723 992 796 de
1044 745 1113 794 re
1159 720 1467 813 pluribus
1516 722 1841 812 scribere,
1886 745 2082 816 quam
2132 747 2217 800 ex

282 851 429 924 aliis
494 871 560 924 te
624 845 992 940 intelligere
1061 841 1322 929 malim,
1370 860 1441 914 et
1484 863 1679 934 quam
1714 844 1836 916 'nifi
1886 867 1993 917 me
2039 835 2264 940 acer-J

283 971 546 1044 bisfime
611 961 1002 1060 exagitasses
1021 1009 1044 1046 ‚
1107 959 1425 1053 profecto
1490 956 1817 1054 nunquam
1866 985 2221 1037 memoras-

288 1092 457 1162 sem.
554 1086 950 1169 Caeterum,
1015 1083 1388 1178 interroga,
1439 1080 1484 1152 fi
1536 1083 1653 1154 tibi
1704 1084 1861 1156 nanti
1910 1083 2024 1174 fit,
2079 1107 2233 1158 om-
2316 1167 2323 1176 ,

293 1230 456 1295 ηοε,
501 1207 744 1300 quibus
785 1203 1186 1279 familiariter
1223 1224 1419 1290 utor,
1464 1221 1579 1276 aut
1626 1203 1775 1277 usus
1823 1202 1985 1276 olim
2038 1205 2225 1290 sum,

292 1349 652 1427 putemne,
730 1325 950 1418 aliqua
1038 1327 1289 1398 ratione
1372 1327 1441 1396 in
1504 1345 1613 1398 me
1682 1323 1915 1398 cadere
1974 1325 2167 1418 posse
2199 1373 2227 1414 ,

291 1449 483 1544 quod
532 1471 606 1523 tu
640 1451 841 1536 mihi,
878 1448 1006 1520 fiae
1053 1443 1190 1520 una
1223 1447 1517 1532 ratione,
1567 1445 1851 1520 tribuere
1894 1467 2029 1532 uon
2078 1469 2229 1520 eru-

297 1572 539 1644 bescis.
633 1570 876 1642 Testor
905 1618 933 1656 ,
1010 1587 1085 1641 ut
1169 1565 1334 1640 alios
1418 1569 1924 1660 praetermittam
1953 1619 1979 1656 ‚
2071 1563 2233 1643 Bos-

279 1691 548 1792 fikium
564 1742 589 1780 ‚
658 1689 1057 1762 Academiae
1125 1685 1338 1761 Leide
1349 1683 1484 1779 nst's
1540 1685 1935 1762 Curatorem
1957 1739 1980 1776 ,
2044 1685 2232 1759 fami-

295 1813 526 1884 liarem
590 1807 818 1897 tuum‘,
883 1811 1172 1900 itemque
1237 1829 1465 1882 meum
1492 1858 1516 1894 ‚
1586 1829 1883 1900 quocum
1916 1857 1943 1894 ‚
2010 1826 2084 1882 ut
2150 1805 2236 1882 de

301 1930 532 2002 multis
597 1929 744 1997 aliis
773 1976 798 2012 ,
863 1930 953 1997 ita
1011 1932 1213 1998 etiam
1279 1926 1361 1998 de
1435 1925 1743 2000 cathedra
1788 1948 1937 2002 tuae
1986 1923 2240 2006 Civita-

315 2047 444 2131 tis,
497 2061 1034 2133 caeterarumque
1083 2045 1154 2114 in
1190 2043 1406 2116 Patri&
1449 2045 1667 2114 nostra
1706 2044 2198 2120 Academiarum
2217 2094 2243 2130 ,

309 2164 475 2260 plus
541 2157 796 2249 semel,
863 2181 940 2234 ut
985 2160 1198 2232 solent
1243 2163 1473 2246 amici,
1520 2159 1798 2252 libenter
1849 2159 2247 2254 suaviterque

297 2279 782 2360 confabulatus
867 2281 989 2354 fui.
1121 2277 1329 2353 Nosti·
1416 2282 1655 2356 Virum
1690 2329 1714 2368 ,
1822 2279 2035 2372 qualis
2114 2284 2189 2358 fit
2212 2331 2242 2371 ,

295 2407 768 2503 spectataeque
818 2423 974 2474 eum
1019 2420 1092 2473 et
1137 2400 1290 2474 fidei
1334 2422 1405 2477 et
1448 2401 1793 2497 probitatis
1838 2403 1981 2475 esse
2004 2454 2024 2487 ‚
2072 2407 2243 2505 integ

295 2548 540 2601 omnes
605 2523 876 2597 constat.
971 2522 1182 2597 Dicat
1248 2545 1413 2619 ergo
1477 2525 1625 2611 hic,
1692 2525 1957 2613 quoties
2004 2530 2243 2617 apertis

297 2652 421 2744 ipfi
489 2647 712 2721 verbis
771 2646 1276 2744 fignificaverim
1311 2694 1338 2733 ‚
1408 2650 1475 2717 ia
1538 2650 1864 2744 gregariis
1928 2646 2244 2723 militibus

311 2788 575 2839 manere
595 2812 622 2851 ‚
669 2784 866 2857 quam
915 2765 1182 2839 ordines
1232 2788 1342 2839 me
1396 2764 1650 2841 ducere.
1688 2767 1921 2840 malie:
1990 2790 2244 2843 tantum

313 2904 428 2955 me
490 2886 654 2955 mihi
716 2908 852 2959 non
918 2886 1213 2974 sumere,
1279 2908 1531 2960 tuntum
1594 2910 1862 2981 quoque
1926 2891 2252 2977 eruditio·

320 3002 428 3071 nis
445 3048 468 3085 ‚
538 2998 868 3074 doctrinae
887 3056 912 3093 ,
957 3009 1332 3105 ingeniique
1380 3010 1698 3080 acuminis
1746 3008 2247 3103 haudquaquam

317 3116 656 3215 POssfidel'e
687 3168 712 3205 a
771 3142 1078 3212 quantum
1124 3130 1192 3199 in
1243 3129 1409 3201 Viro
1460 3131 1706 3221 requiri
1748 3130 2082 3217 videatur,
2126 3132 2245 3223 qui

321 3262 463 3313 non
537 3238 756 3311 dicam
803 3240 1208 3317 Iuventutem
1258 3246 1496 3321 doceat
1543 3267 1737 3339 atque
1784 3249 2031 3323 erudiat
2078 3254 2253 3323 Aca·

271 3392 279 3398 ·
321 3360 684 3449 demicam,
739 3382 966 3435 verum
1019 3366 1262 3451 etiam,
1305 3368 1487 3459 quod
1535 3366 1741 3461 longe
1789 3366 1992 3461 majus
2036 3394 2253 3465 praes·

325 3482 706 3572 tantiusque„
745 3500 896 3568 est,
968 3480 1200 3555 locum
1251 3482 1431 3557 suum
1480 3508 1705 3559 coram
1758 3496 1897 3561 τοῖς·
1939 3480 2076 3588 ἔξωι
2107 3494 2255 3585 dig-

327 3602 582 3673 nissime
653 3620 945 3677 tueatur:
1009 3605 1308 3677 misereri
1353 3626 1463 3677 me
1510 3605 1762 3681 tandem
1813 3610 2083 3683 istorum
2131 3611 2261 3678 ho·

333 3718 790 3797 munculorum
811 3775 835 3814 ‚
913 3724 1146 3821 quales
1209 3730 1370 3802 novi
1424 3726 1683 3825 platea,
1748 3754 1919 3831 quos
1966 3730 2104 3804 sola
2151 3746 2259 3795 ca-

1261 3848 1324 3923 E
1376 3872 1427 3924 2
2122 3842 2269 3912 the-
