2719 4895
498 385 507 395 “
622 412 751 477 218
844 408 919 476 P.
964 404 1086 477 111.
1135 408 1313 484 cap.
1363 410 1476 481 IX.
1523 410 1645 478 DE
1691 410 1912 480 ARG.
1947 361 2336 485 'monam

616 600 719 671 nis
758 618 998 694 genere
1042 578 1464 707 aestimanda,
1545 602 1804 696 suisque
1853 606 2174 688 numeris
2205 606 2380 674 inter
2443 602 2502 689 se

617 720 1056 811 comparanda
1110 718 1297 809 sante,
1365 741 1438 791 ut
1487 724 1690 794 totius
1737 720 2190 819 Conjecturae
2259 724 2500 795 summa

616 838 1025 911 conficiatur.
1129 838 1237 913 Ex
1294 840 1534 913 eodem
1579 862 1817 937 genere
1873 862 1976 911 est
2025 841 2287 915 Cautio
2309 892 2334 928 ‚
2383 862 2498 936 qua

612 946 898 1050 pretium
954 960 1235 1055 alicujus
1278 965 1386 1047 ‚rei
1441 962 1833 1054 praestatur,
1915 984 1978 1032 v.
2030 983 2097 1032 c.
2141 964 2398 1058 navigii
2443 982 2506 1031 et

612 1080 851 1151 mercis
912 1081 1100 1175 ejus,
1176 1102 1346 1174 quae
1413 1083 1624 1177 vulgo
1695 1102 1974 1155 vocatur
2039 1062 2501 1176 Asficuratio.

612 1194 943 1271 Ponamus
959 1251 982 1286 ‚
1078 1202 1380 1295 praestari
1445 1222 1676 1273 navem
1698 1252 1726 1289 ,
1809 1225 1986 1297 quae
2048 1200 2494 1291 Alexandrian

610 1318 1094 1409 proficiscatur.
1196 1321 1566 1415 spectanda
1610 1339 1708 1393 est
1757 1341 1902 1392 tota
1929 1321 2176 1391 summa
2205 1324 2504 1407 navium,

611 1458 780 1529 quae
824 1442 928 1511 vel
985 1440 1278 1515 feliciter
1320 1442 1427 1510 vel
1495 1442 1678 1513 secus
1728 1440 2196 1511 Alexandriam
2249 1444 2512 1535 naviga·

608 1576 782 1626 tunt.
882 1558 977 1628 At
1010 1579 1175 1654 ,eam
1228 1559 1558 1630 summam·
1605 1560 1858 1654 assequi
1913 1582 2051 1630 non
2119 1558 2502 1653 possumus:

609 1676 957 1768 quomodo
1000 1680 1179 1749 enim
1226 1699 1426 1749 naves
1476 1700 1832 1751 noscamus
1876 1700 2112 1750 omnes
2133 1731 2156 1766 ,
2217 1698 2382 1773 quae
2415 1698 2509 1753 sset

608 1794 1029 1892 suscepturae
1066 1798 1215 1871 sunt
1248 1800 1420 1871 hanc
1457 1801 1988 1895 navigationem,
2039 1818 2110 1869 et
2155 1817 2346 1868 antea
2373 1798 2506 1870 sus·

609 1934 967 2008 ceperunt:
1018 1936 1093 1987 ut
1140 1918 1726 2011 neque-summam
1777 1920 2124 1989 noscimus
2167 1918 2504 2001 omnium,

608 2036 725 2127 qui
776 2034 1043 2107 variolis
1068 2036 1468 2107 laborarunt.
1523 2036 1654 2107 Sed
1681 2038 1828 2108 satis
1861 2039 2057 2111 nobis
2097 2036 2239 2109 esse
2267 2038 2502 2121 debet,

607 2178 697 2227 cx
744 2160 1251 2249 praeteritorum
1284 2179 1565 2229 numero
1597 2161 1916 2228 rationem
1964 2158 2310 2253 colligere.
2365 2156 2506 2229 -lta-

610 2298 785 2371 que,
838 2276 883 2347 fi
926 2298 1011 2347 ex
1046 2297 1333 2369 quatuor
1372 2277 1648 2347 navibus
1681 2298 1810 2348 una
1841 2279 2163 2369 perierit,
2211 2275 2502 2370 Conjec·

610 2418 757 2468 ntra
782 2394 867 2468 de
895 2397 1129 2470 suturis
1156 2396 1392 2468 eodem
1427 2396 1490 2467 se
1527 2395 1732 2468 modo
1767 2396 2081 2482 habebit,
2134 2416 2204 2468 et
2233 2416 2506 2490 prospe·

610 2539 721 2588 rae
766 2520 1201 2612 navigationis
1248 2517 1688 2591 Probabilitas
1723 2509 1805 2587 ad
1853 2517 2218 2587 Veritatem
2279 2518 2394 2586 erit
2425 2533 2496 2584 ut

610 2655 899 2729 quatuor
914 2637 997 2706 ad
1024 2623 1229 2708 unum
1248 2687 1271 2721 ,
1303 2657 1371 2706 et
1399 2639 1681 2730 pretium
1713 2637 2036 2707 cautionis
2052 2635 2495 2708 aestimabemr

511 2783 519 2792 ·
611 2773 842 2847 quarta
875 2773 1063 2845 parte
1105 2757 1299 2847 pretii
1353 2759 1591 2824 mercis
1629 2777 1708 2826 ac
1753 2757 2024 2850 navigii.
2089 2753 2226 2826 Sed
2261 2753 2498 2826 firmior

608 2873 687 2945 fit
720 2869 1157 2944 Probabilitas
1192 2873 1237 2944 fi
1262 2893 1346 2943 ex
1381 2872 1708 2945 duodenis
1727 2893 1853 2945 tres
1881 2851 2242 2968 perierint,
2265 2872 2500 2946 firmior

607 2997 803 3067 etiam
824 3043 849 3082 ,
899 2993 944 3064 fi
992 3013 1075 3064 ex
1124 2991 1560 3088 quadragenis
1603 2991 1874 3063 decem:
1937 3013 2010 3062 et
2059 2997 2151 3064 ita
2199 2993 2502 3086 deinceps

606 3115 689 3189 ad
715 3089 1050 3210 ‘maj'orem
1112 3113 1488 3186 firmitatem
1555 3133 1831 3208 augetur
1882 3114 2178 3206 pretium
2226 3131 2298 3184 et
2345 3111 2502 3184 Pro-

606 3236 941 3310 habilitas.
1038 3231 1447 3320 Enimvero,
1497 3233 1632 3304 hoc
1675 3253 1808 3303 non
1865 3232 2315 3325 impediente,
2345 3253 2502 3327 vaga

608 3377 678 3430 et
739 3355 1073 3427 temeraria
1118 3373 1219 3425 est
1268 3348 1714 3448 conjectura,
1767 3353 1880 3424 nili
1927 3353 2348 3424 aestimentur
2387 3353 2511 3423 lin·

606 3477 801 3576 gulae
840 3473 1122 3561 causae,
1204 3475 1449 3570 quibus
1497 3473 1822 3567 -prospera
1883 3476 2266 3546 continetur
2333 3474 2507 3545 navi-

506 3613 512 3620 ·
606 3587 835 3694 gatio',
912 3613 981 3664 et
1038 3597 1117 3664 ad
1184 3594 1499 3690 lingulare
1559 3595 1804 3666 factum
1837 3640 1858 3678 ,
1923 3594 2008 3664 de
2065 3578 2210 3687 quo
2249 3597 2498 3690 agitur,

578 3714 1082 3790 adhibeantur:
1124 3715 1390 3786 bonitas
1420 3715 1707 3808 navigii,
1737 3713 1974 3805 peritia
2000 3712 2502 3808 gubernatoris,

605 3850 949 3910 nautarum
975 3835 1187 3908 robur
1218 3854 1289 3904 et
1326 3855 1678 3920 numeruS,
1735 3851 2090 3923 tempestas
2135 3833 2334 3918 anni,
2383 3851 2510 3924 op·-

590 3955 975 4053 ,portunitas
1011 3955 1522 4047 ‚difficultasque
1599 3955 1902 4026 locorum
1937 3955 2074 4044 ,qui
2110 3961 2524 4046 ‘praeter-ve·-

607 4077 815 4156 hundi
867 4065 1054 4163 sunt,
1116 4064 1606 4171 belli-'pacisve
1647 4073 1872 4160 statiis,
1929 4075 2210 4166 piratae,
2259 4061 2513 4161 syrtes,

632 4211 731 4256 ι..ι
1477 4205 1496 4272 ῑ
2369 4205 2494 4256 nu·
