2719 4895
1295 347 1673 446 (42)

544 547 740 642 phiae
791 545 1038 644 hospes
1085 541 1277 636 plane
1325 567 1407 616 ae
1450 545 1831 641 peregrinus
1878 525 1975 620 fi'c'.
2062 547 2213 643 Ipse
2260 547 2440 618 enim
2460 594 2486 634 ,

544 687 624 740 ut
689 669 820 736 hoc
866 685 1136 735 -mntum
1204 663 1419 736 dicam
1456 717 1480 752 ‚
1568 668 1897 758 superiore
1962 669 2094 763 jam
2172 666 2493 754 specum,

543 789 692 858 anni
759 784 923 896 sexti
981 805 1052 856 et
1109 787 1511 884 nonagefimi
1531 789 1751 861 -initio
1770 840 1793 878 ‚
1856 792 2135 884 primam
2184 808 2491 863 meorum

543 893 1018 1002 Philosophiae
1062 903 1469 981 Kanu‘anae
1513 909 1991 986 elementorum
2038 933 2294 1009 partem
2334 905 2493 982 Bel·

544 1033 697 1126 gice
745 1029 813 1100 in
863 1027 1084 1100 lucem
1133 1029 1314 1098 exire
1359 1024 1548 1120 jusfi3
1626 1051 2018 1124 postquam,
2066 1029 2335 1107 duobu's
2384 1047 2499 1097 an-

417 1151 420 1154 ’
547 1152 648 1221 nis
699 1169 890 1237 ante,
933 1167 1011 1218 ut
1056 1168 1234 1218 eram
1285 1147 1581 1221 discendi
1648 1151 1929 1244 cupidus
1996 1153 2301 1245 mihique
2368 1141 2497 1216 dif-

549 1269 760 1345 fidens
792 1321 818 1358 ‚
909 1269 1110 1342 dubia
1190 1269 1512 1361 quaedam
1549 1322 1573 1359 ‚
1652 1293 1881 1345 contra
1948 1274 2116 1346 hanc
2186 1265 2499 1344 Philoso-

548 1394 772 1486 phiam
814 1441 839 1479 ‚
925 1391 1222 1462 modeste
1285 1409 1485 1480 atque
1554 1387 1892 1481 ὦυωνᾶμῳς
1922 1442 1946 1477 ,
2014 1394 2083 1461 in
2138 1389 2497 1486 publicum

545 1511 928 1600 emiseram,
975 1507 1145 1581 illud
1193 1529 1459 1582 mecum
1507 1505 1754 1580 Po’e‘tae
1806 1531 2153 1602 reputans:

904 1739 1008 1811 εἷς
1057 1733 1124 1804 τὸ
1171 1733 1358 1805 κοινὸν
1408 1729 1593 1816 ὃσὸς,
1638 1721 1883 1819 ἄμεινον
1922 1724 2001 1803 οἶν
2038 1733 2325 1823 μάθοις.

551 1967 764 2064 Quod
847 1972 892 2042 fi
977 1988 1208 2042 verum
1285 1947 1470 2048 est,⁸
1520 1980 1597 2039 ut
1656 1979 1761 2035 est
1825 1958 2231 2035 verisfimum
2271 2008 2297 2045 ,
2382 1953 2499 2031 dic

550 2093 714 2164 mihi
740 2141 765 2178 ‚
833 2087 1024 2161 sodes
1046 2138 1070 2176 ,
1138 2086 1272 2179 qui
1341 2081 1602 2156 tandem
1665 2084 1919 2154 ratione
1985 2103 2138 2154 tuos
2181 2072 2505 2154 duodevi-

547 2212 732 2311 ginti
813 2208 1066 2288 efficias
1151 2227 1381 2278 annos.
1496 2200 1869 2298 Magnifice
1946 2199 2274 2292 stulteque
2354 2197 2501 2290 jac·

550 2351 646 2406 tas
709 2331 832 2424 (³⁸)
852 2382 876 2417 ,
945 2346 1014 2403 te
1081 2344 1316 2413 tuam,
1382 2341 1455 2398 et
1511 2325 1588 2397 in
1635 2323 1894 2407 literis,
1967 2337 2033 2393 et
2080 2322 2155 2394 in
2201 2311 2505 2410 Philoso-

543 2452 762 2553 plan,
813 2450 946 2523 tibi
997 2449 1256 2521 dudum
1309 2444 1649 2516 Criticam
1698 2458 1767 2513 et
1812 2440 2067 2515 habere
2084 2487 2108 2524 ,
2154 2455 2224 2513 et
2248 2435 2495 2534 firra-

549 2598 647 2650 re.
747 2570 1012 2641 Addere
1081 2564 1403 2659 potuisses
1420 2612 1446 2649 ,
1510 2558 1627 2655 (id
1690 2559 1875 2650 quod
1936 2560 2151 2631 verius
2216 2552 2493 2647 fuisset)

548 2748 598 2786 ,.
655 2712 720 2764 te
791 2711 970 2763 tuam
1039 2686 1158 2759 tibi
1217 2702 1490 2777 quoque
1548 2681 1793 2753 habere
1842 2656 2497 2756 Arithmeticamf’

549 2835 767 2905 neque
836 2811 1014 2881 enim
1079 2828 1162 2879 ea
1217 2804 1510 2899 vulgaris
1554 2823 1689 2889 est,
1762 2820 1873 2875 aut
1922 2822 2208 2892 unquam
2256 2800 2494 2897 vulga-

550 2958 692 3009 rem
732 2934 902 3005 hanc
930 2927 1078 3000 fore
1106 2927 1424 3033 suspicor.
1434 2960 1535 2983 -·
1554 2920 1937 3008 Praeterea,
1974 2921 2203 2995 haud
2182 2944 2491 3019 rgnoraS‚

551 3076 726 3131 anno
791 3052 1090 3144 quamvis
1155 3050 1377 3142 primo
1444 3064 1514 3117 et
1563 3041 1979 3139 octogefimo
2044 3039 2319 3117 critica
2358 3044 2494 3138 jam

553 3174 875 3273 prodierit
945 3169 1198 3245 Kamii
1225 3222 1248 3256 ,
1325 3188 1463 3239 non
1528 3164 1929 3239 intellectam
2004 3183 2219 3235 tamen
2286 3184 2441 3237 eam
2470 3210 2499 3247 ‚

549 3296 943 3391 prorsusque
1008 3290 1180 3365 adeo
1245 3288 1617 3387 neglectam
1642 3338 1668 3375 ,
1740 3287 1993 3379 aiiquot
2046 3285 2329 3381 jacuisse
2386 3303 2503 3355 an·

551 3400 724 3490 nos}
787 3416 1004 3491 donec
1065 3411 1325 3489 tandem
1344 3464 1371 3503 ,
1439 3430 1595 3509 post
1639 3408 1909 3494 labores
1954 3407 2267 3531 Virorum
2320 3410 2495 3501 qub-

2314 3548 2495 3606 rum·

551 3696 2481 3745 w

631 3824 744 3910 (⁸)
783 3828 852 3891 P·
888 3838 991 3907 ⁵7·
