2719 4895
927 229 1401 334 ,t633

237 445 592 528 ceptorum
640 405 1010 505 inanitatem
1057 429 1573 504 commonstrant
1588 481 1613 519 ,
1664 449 1953 508 veterem
2004 430 2167 507 doc·

239 558 478 627 trinam
525 555 760 625 acriter
810 549 1168 622 defendunt
1187 600 1212 636 ,
1278 573 1558 638 novam,
1617 574 1739 627 ceu
1779 576 1927 627 rem
1977 556 2164 648 inep-
2263 546 2273 556 ’

223 692 428 755 mm,
498 672 710 744 rident
770 687 966 762 atque
1038 673 1364 773 exagitant
1428 708 1517 732 —-
1596 672 1765 743 banc
1807 673 2159 768 ‘ejusmodi

211 791 658 867 Academiam
701 790 1104 884 Nuceopolt'n
1123 841 1145 876 ‚
1193 789 1298 860 vel
1349 809 1417 860 et
1464 789 1831 885 Scotopolin
1849 841 1874 879 ‚
1923 792 2151 885 appel-

219 913 374 986 lare
440 911 610 986 velle
630 962 653 994 ‚
717 931 871 982 cum
934 905 1283 1002 Phaopolis
1328 911 1549 1001 potius
1600 909 1871 983 dicenda
1938 913 2151 998 foret,

221 1036 474 1124 ecquis
552 1047 713 1114 est„
760 1031 850 1100 mi
901 1027 1375 1121 Wyttenbacbi
1392 1030 1423 1102 Ι
1468 1034 1623 1122 quin
1672 1052 1891 1105 tecum
1943 1032 2151 1110 scelus

215 1153 476 1224 habeat
539 1169 731 1240 atque
791 1147 1106 1246 flagitium
1127 1201 1150 1238 ,
1220 1149 1408 1222 nullo
1470 1149 1861 1243 expiandum
1920 1155 2147 1244 piacu-

223 1269 357 1344 lo?
426 1267 560 1342 Sed
625 1289 790 1370 age,
856 1271 1109 1362 proba,
1145 1270 1218 1340 -fi
1275 1269 1548 1372 'placet⁷<
1602 1293 1709 1343 me
1776 1293 1927 1342 eum
1972 1272 2145 1358 esse,

222 1395 346 1485 qui
409 1387 537 1462 tale
605 1391 853 1464 facinus
904 1392 1317 1468 committere
1366 1390 1563 1464 fuerit
1610 1392 1819 1464 ausus.
1918 1389 2149 1463 Ascle-

210 1491 478 1607 piadis'
511 1511 939 1607 Agrotaeque
1007 1510 1064 1582 F
1064 1510 1201 1598 ilii,
1273 1511 1627 1586 studiorum
1680 1513 2178 1586 communione-

222 1649 296 1702 et
361 1633 686 1704 amicitiae
741 1652 1062 1706 vetustate
1131 1652 1358 1706 tecum
1431 1628 1806 1723 conjuncti,
1880 1651 2149 1724 operam

223 1752 346 1822 tibi
405 1753 620 1838 suam,
679 1754 724 1824 fi
793 1727 966 1823 fofte
1026 1752 1389 1838 desidera,
1452 1777 1578 1847 pro
1641 1752 1809 1824 virili
1868 1769 2149 1844 praesta·

225 1871 414 1942 bunt.
525 1873 773 1944 Verum
798 1923 822 1956 ,
891 1873 1053 1942 mihi
1121 1873 1359 1958 crede,
1426 1896 1643 1966 neque
1706 1876 1864 1963 tibi,
1930 1890 2141 1966 neque

237 1984 636 2078 adiutoribus
681 1989 816 2059 istis
839 2037 862 2075 ‚
910 2009 1014 2060 res
1055 2010 1142 2060 ex
1184 2011 1347 2062 voto
1401 1991 1613 2066 cedet.

333 2223 474 2296 Fac
523 2247 716 2315 vero,
767 2229 1042 2322 probari
1091 2227 1226 2314 hoc
1277 2251 1314 2300 a
1365 2221 1431 2302 te
1480 2231 1739 2320 tuisque
1783 2227 1975 2320 posse
2039 2226 2149 2321 (id

221 2343 404 2438 quod
467 2345 607 2418 fieri
669 2366 1004 2440 nunquam
1064 2351 1401 2447 poterit),
1447 2371 1535 2422 eo
1590 2370 1801 2424 tamen
1851 2347 2141 2422 nondum

217 2467 505 2541 effeceris
536 2518 559 2556 ‚
643 2491 836 2565 aegre
925 2490 1032 2541 me
1111 2468 1282 2543 ferre
1369 2472 1819 2568 indignarique
1850 2523 1887 2555 ,,
1955 2470 2136 2562 quod
2254 2524 2259 2529 .

213 2588 386 2661 nulla
427 2610 528 2661 me
575 2608 858 2683 unquam
913 2590 1272 2662 Academia
1323 2595 1663 2665 acciverit.
1762 2587 1921 2662 Hoc
1957 2592 2133 2661 enim

213 2710 484 2793 alterum
533 2730 682 2799 est,
729 2709 922 2804 quod
972 2710 1288 2803 pervelim
1339 2712 1630 2803 probes:
1696 2708 2013 2802 fiquidem
2064 2728 2137 2781 et

219 2824 384 2897 hanc
439 2832 966 2905 ,criminationem
989 2878 1012 2915 ,
1086 2832 1310 2922 priore
1396 2829 1510 2901 illa
1592 2830 1805 2901 multo
1869 2834 2129 2925 gravio·-

227 2965 367 3017 rem
396 2996 420 3029 ,
498 2954 692 3023 mihi.
735 2955 1020 3049 objicere
1077 2977 1214 3027 non
1279 2956 1543 3027 vereris.
1654 2948 1753 3025 Ita
1816 2956 1957 3030 fane
2021 2976 2127 3027 me

95 3092 112 3112 ⁴
217 3062 408 3138 Deus
491 3074 704 3141 amet!
785 3095 868 3143 ne
933 3075 1037 3145 vel
1103 3078 1170 3145 in
1241 3076 1473 3149 somno
1509 3124 1534 3161 ‚
1594 3062 1805 3148 de're
1840 3128 1865 3162 ,
1930 3096 2128 3167 quam

211 3206 463 3275 narras,
513 3192 580 3261 in
630 3192 764 3263 tota
807 3193 938 3263 vita
985 3198 1268 3289 cogitavi
1313 3216 1625 3288 unquam.
1724 3194 2126 3268 Cathedram
2210 3198 2213 3203 ’

213 3309 342 3399 ipse
405 3330 612 3381 meam
642 3361 668 3398 ,
738 3332 906 3403 quae
969 3311 1061 3383 nil
1135 3314 1455 3404 ejusmodi
1522 3314 1848 3408 prensanti
1912 3312 2121 3389 delata
2172 3398 2180 3405 ‚

209 3425 457 3516 fuerat,
523 3434 754 3526 sponte
819 3432 964 3503 med
987 3482 1010 3513 ,
1075 3441 1459 3525 quamquam
1528 3454 1666 3505 non
1733 3434 1864 3505 fine
1910 3440 2121 3532 gifavi-

209 3542 330 3615 bus
367 3552 627 3645 ‘caufiQ
693 3552 1019 3627 abdicavi.
1117 3550 1302 3651 Illius
1366 3574 1552 3625 amor
1612 3550 1657 3626 fi
1726 3577 1832 3627 me
1871 3542 2117 3628 ‘tenu'is-

211 3660 339 3750 set,
399 3688 538 3743 eam
597 3677 828 3769 utique
875 3674 1105 3771 sponte
1155 3694 1294 3745 non
1341 3660 1753 3751 abdicassem.
1856 3675 1981 3751 Vel
2034 3694 2117 3741 an

1144 3788 1211 3866 E
1408 3798 1413 3803 ’
1810 3858 1818 3865 ,
1950 3794 2125 3865 han'c
