2719 4895
312 470 760 544 CONlECT.
810 472 939 540 ET
972 470 1227 565 QUAE
1256 468 1484 545 INDE
1523 472 1874 546 PROEIC.
1973 499 2106 565 213:

151 661 431 733 -mortis
450 660 725 735 eandem
762 660 1087 734 rationem
1117 684 1143 748 ς
1174 668 1372 761 atque
1404 662 1582 735 bona
1621 661 1798 757 ligna
1825 658 1906 733 ad
1937 682 2092 735 ma-

174 778 289 853 lae
348 778 527 851 Nam
556 828 581 867 ,
642 799 721 853 ut
766 778 989 874 Cajus·
1020 781 1440 853 convalescat
1462 833 1486 868 ‚
1533 781 1816 855 efficitur
1870 779 2086 854 caulis:

175 920 361 997 quae
405 900 453 971 fi
485 898 693 973 adfint
725 919 957 972 omnes
988 920 1057 973 et
1100 902 1297 973 certis
1328 922 1820 997 cognoscantur
1837 902 2034 999 signis
2049 948 2083 989 ,

174 1044 459 1101 eertum·
478 1038 755 1123 quoque
797 1049 901 1101 est
929 1080 968 1115 ‚.
997 1050 1149 1099 eum
1201 1031 1680 1104 convaliturum
1705 1082 1728 1121 ‚
1763 1031 1954 1121 (vid.
1991 1028 2082 1119 1,

184 1150 281 1234 f,
331 1144 471 1241 5.)
500 1147 599 1221 Et
644 1168 859 1243 quum·
889 1169 967 1219 ea
1006 1148 1081 1219 fit
1138 1136 1677 1245 in'geniibumaui
1711 1151 2014 1225 conditio
2049 1196 2092 1239 v

172 1287 265 1339 ut
290 1268 369 1337 in·
394 1267 495 1339 his
526 1268 727 1341 rebus
756 1266 981 1341 causas
1002 1289 1239 1341 omnes
1264 1270 1640 1363 perspectas
1689 1268 1930 1341 habere
1959 1288 2078 1340 ue-

170 1405 509 1481 queamus
527 1436 551 1473 ,
586 1384 1031 1482 compatanda
1064 1387 1214 1460 sunt
1250 1408 1471 1460 earum
1515 1388 1696 1483 sigua-
1716 1386 2080 1482 praesentia

170 1522 345 1577 cum
397 1503 771 1577 absentibus
795 1556 821 1593 ,
869 1504 1045 1577 bona
1086 1526 1243 1579 cum
1271 1507 1466 1579 malis
1487 1526 1631 1594 ‚ex
1662 1506 1876 1601 iisque
1903 1506 2080 1578 sutu-

167 1642 293 1693 ma
324 1622 815 1717 probabilitatis
876 1624 1295 1699 subducenda
1365 1645 1488 1697 est.
1560 1624 1775 1717 Igitur
1827 1625 2088 1699 firmius·

167 1742 311 1814 erit
343 1742 427 1811 de
482 1744 950 1837 probabilitate
988 1743 1317 1836 judicium
1335 1790 1369 1831 ‚
1414 1743 1458 1815 fi
1506 1766 1793 1840 utroque
1835 1765 2077 1839 genere
2217 1802 2226 1813 .

42 1880 49 1887 ·
166 1858 373 1933 fimul
406 1878 705 1948 utamur,
756 1860 1366 1955 Coniecturamque
1399 1845 1716 1931 ducamus
1779 1882 1930 1932 cum
1981 1874 2076 1955 eJx

162 1996 461 2051 numero
494 1996 907 2051 mortuorum
926 2026 951 2065 ,
980 1996 1123 2049 tum
1166 1996 1251 2049 ex
1283 1963 1510 2049 natura
1549 1978 1850 2073 statuque
1881 1976 2074 2076 Caji,

167 2096 383 2189 fignis
438 2096 801 2186 cau-sarum.

276 2215 605 2289 Ceterum
631 2266 655 2303 ,
706 2237 791 2288 ne
810 2218 961 2310 quis
986 2214 1305 2311 exemplo
1332 2269 1355 2303 ,
1389 2218 1576 2312 quod
1597 2218 1886 2293 secundo
1906 2218 2074 2293 loco

164 2319 697 2433 proposuimuS,
747 2355 835 2407 eo
886 2333 1268 2421 inducatur,
1333 2350 1410 2407 ut
1453 2338 1718 2423 credat,
1776 2332 2076 2433 Coujec·
2191 2388 2200 2397 ·

166 2477 393 2530 turam
435 2459 525 2528 ita
554 2453 709 2528 duci
744 2455 942 2548 posse
982 2475 1067 2525 ex
1090 2474 1315 2528 natura
1348 2476 1419 2529 et
1455 2456 1618 2528 statu
1647 2458 1740 2529 rei
1765 2505 1792 2542 ,
1835 2455 2072 2552 deque

166 2578 516 2674 quaeritur
538 2625 562 2662 ,
608 2593 683 2647 ut
708 2573 889 2664 nulla
924 2578 1199 2646 omnino
1222 2579 1392 2648 ratio
1419 2578 1678 2648 numeri
1710 2575 2072 2664 habentui-3

168 2695 585 2770 monendum
654 2715 794 2784 est,
844 2697 912 2765 in
962 2693 1085 2766 illo
1129 2715 1402 2789 quoque
1447 2696 1764 2790 exemplo
1813 2693 2070 2789 specta·

168 2833 323 2889 tum
370 2813 511 2886 esse
544 2827 893 2886 numerum
920 2861 944 2899 ‚
974 2834 1110 2885 non
1145 2816 1418 2908 quidem
1470 2811 1928 2904 mortuorum,
1955 2803 2072 2888 sed

167 2936 508 3032 figuorum
551 2951 621 3002 et
680 2931 1071 3018 causarum;
1120 2953 1337 3026 neque
1383 2933 1868 3028 conj-actutum
1927 2933 2074 3007 fieri

168 3050 421 3153 posse,
466 3049 585 3123 nifi
644 3049 967 3145 quaedam
1020 3054 1274 3124 numeri
1324 3053 1640 3125 habeatur
1681 3055 1873 3124 ratio.
1974 3050 2072 3124 Et

166 3173 513 3272 primum,
564 3166 705 3263 ipsa
732 3167 1087 3256 Induct10‚
1136 3189 1307 3263 quae
1357 3173 1556 3242 unice
1592 3190 1808 3244 rerum
1855 3171 2072 3266 fingu-

166 3293 419 3369 latium
453 3307 737 3363 numero
780 3287 1167 3376 conficitur,
1196 3289 1263 3386 ,¹⁹¹
1308 3289 1580 3385 quidem
1611 3300 1866 3381 somnes
1899 3293 2074 3362 inter

164 3413 241 3488 se
282 3411 719 3494 conveniant,
746 3410 1053 3502 proxime
1084 3406 1167 3481 ad
1212 3405 1762 3484 Mathematicam
1813 3406 2073 3482 accedit

164 3529 625 3608 Evidentiam.
686 3525 906 3614 Nam,
957 3547 1035 3600 ut
1076 3528 1215 3600 hoc
1250 3547 1560 3614 utamur,
1609 3529 1764 3624 quia
1794 3548 2069 3618 omna,

167 3647 364 3750 quod
404 3647 735 3738 sciamus,
746 3645 1070 3720 homines
1090 3647 1264 3721 duos
1305 3649 1552 3750 habent
1579 3667 1652 3722 et
1704 3649 2071 3750 habueruut

165 3765 470 3866 ocu1033
490 3788 680 3843 certo
726 3765 1132 3862 firmiterque
1174 3767 1560 3856 statuimus,
1589 3767 1846 3842 nullum
1873 3741 2064 3854 esse,

162 3887 414 3976 fuisse,
472 3891 661 3977 fore,
702 3891 827 3986 qui
893 3908 1139 3976 unum,
1214 3886 1439 3982 clypei
1486 3885 1720 3974 instar,
1789 3886 2066 3962 oculum
2128 3949 2137 3958 .

160 4013 245 4086 in
274 4003 495 4080 media
521 4007 739 4082 fronte
778 4009 1017 4082 habeat
1030 4055 1059 4097 ‚
1109 4005 1325 4103 qualis
1369 3995 1638 4105 fingitur
1687 3995 1896 4082 fuisse
1930 4003 2092 4079 Po·

99 4126 561 4228 lyphemust
610 4128 857 4206 etiamfi
886 4129 1147 4204 causam
1191 4127 1396 4224 ipsam
1417 4177 1441 4218 ,
1473 4149 1749 4226 quarum
1801 4125 2069 4201 duobus

861 4269 865 4274 ·
1040 4247 1112 4320 O
1164 4267 1205 4346 3
1288 4317 1297 4322 ,
1905 4263 2075 4323 ocu·
