2719 4895
1009 271 1397 370 (37)

223 470 498 548 videndi
561 463 970 542 audiendive
1033 470 1102 538 in
1172 467 1423 541 fabrici
1492 487 1865 544 nostrorum
1934 471 2172 548 oculo-

223 613 364 664 rum
439 589 549 666 vel
609 593 860 662 aurium
931 588 1138 661 latere
1157 639 1183 673 .,
1251 609 1438 661 auten
1488 593 1721 682 quam,
1786 591 2025 665 idonea
2066 594 2167 665 af-

221 709 466 784 fluente
529 710 794 782 luminis
853 711 1102 780 aerisve
1161 711 1365 802 copia
1382 761 1407 794 ‚
1488 712 1621 782 visa
1686 731 1883 804 atque
1946 713 2167 786 audita

221 831 410 904 hisce
489 831 774 902 senssbus
855 831 1294 922 percipiamus
1325 833 1361 902 2
1444 829 1653 902 Nulla
1717 831 2029 924 profecto
2092 835 2163 907 in
2270 887 2283 910 .

219 953 356 1023 hac
433 951 771 1024 doctrinae
817 949 1218 1024 Kantianae
1261 971 1445 1046 parte
1501 951 1759 1024 ostendi
1801 975 2167 1050 repugnan-

219 1075 320 1144 tia
371 1093 636 1164 potest,
687 1070 894 1144 modo
938 1093 1022 1142 ne
1052 1075 1194 1164 quis
1223 1093 1332 1144 eas
1362 1073 1479 1144 fibi
1518 1073 1899 1170 categorias
1942 1077 2165 1146 animo

217 1196 324 1264 ita
363 1193 634 1287 effingat
648 1243 670 1278 ,
719 1210 790 1262 ut
825 1212 896 1262 tu
927 1193 1179 1280 fecisti,
1218 1213 1501 1284 quatuor
1538 1195 2017 1288 categoriarum
2056 1215 2169 1266 or.

217 1315 406 1387 dines
479 1333 634 1384 cum
699 1312 968 1384 totidem
1022 1333 1407 1407 comparans
1458 1311 1799 1386 ordinibus
1837 1335 2163 1386 ternarum

220 1435 540 1510 cellarum
571 1483 598 1520 ,
683 1430 874 1524 super
949 1454 1120 1525 quos
1184 1435 1423 1506 iterum
1498 1431 1745 1525 positae
1809 1434 1929 1506 fine
1992 1433 2159 1506 duae

230 1556 430 1627 cellae
482 1551 712 1648 spatii
773 1575 852 1624 ae
909 1555 1222 1649 temporis
1249 1604 1276 1640 ,
1345 1573 1469 1645 per
1532 1575 1693 1644 quas
1752 1555 2021 1626 materia
2064 1555 2165 1626 vi·

231 1676 434 1746 sorum
487 1675 578 1744 ab
624 1673 1018 1764 experientia
1067 1671 1465 1744 extrinsecus
1514 1672 1912 1764 recipiatur,
1982 1691 2050 1741 et
2098 1675 2170 1744 in

235 1796 368 1868 mas
430 1791 794 1866 duodecim
859 1790 1060 1864 cellas
1127 1791 1393 1880 influat,
1472 1811 1827 1882 earumque
1892 1789 2169 1887 figuram

245 1918 527 2008 mcipiat.
627 1912 826 2008 Quae
889 1915 1178 2000 omnia‚‘
1219 1914 1340 1984 tibi
1401 1913 1699 2004 quamvis
1720 1963 1740 1996 ‚
1808 1911 1937 1986 five
1992 1912 2167 1988 Plu·-

271 2031 526 2120 talahi,
563 2053 637 2104 ut
665 2053 740 2104 tu
770 2030 978 2117 dicis,
1023 2027 1389 2124 perspt'cua
1424 2030 1761 2102 videantur
1790 2055 1871 2102 ac
1906 2034 2165 2124 proba-

267 2152 470 2238 bilia,
531 2173 566 2221 a
621 2171 835 2222 mente
903 2169 1119 2226 tamen
1165 2146 1423 2220 Karm'i
1444 2153 1739 2226 omnino
1782 2149 2034 2236 aliena,
2094 2171 2167 2222 et

186 2287 190 2291 ’
249 2295 372 2344 non
413 2272 604 2366 hujus
647 2269 1086 2362 Philosophi,
1134 2266 1248 2340 sed
1295 2265 1905 2362 nyttenbackiam‘
1940 2271 2163 2364 potius

233 2396 467 2492 Ingenii
515 2391 1018 2485 ἐπιγεννήματα
1065 2387 1246 2478 esse,
1295 2411 1335 2461 a
1380 2411 1573 2489 quo

884 2630 1064 2705 velut
1111 2626 1312 2726 aegri
1345 2626 1649 2725 somnia,
1696 2648 1923 2703 vanae

459 2752 840 2851 fingantur
869 2748 1118 2847 species
1131 2800 1155 2835 ‚

206 3013 316 3082 eis
383 3002 700 3077 omnibus
761 3020 992 3074 notum
1056 3020 1158 3072 est
1191 3050 1215 3087 ‚
1280 3001 1395 3090 qui
1452 2996 1791 3071 Kontt'um
1842 3000 1931 3071 ita
1979 2988 2189 3095 lege-⁰

210 3134 398 3213 rint,
477 3143 552 3194 ut
616 3123 752 3217 ejus
819 3142 1108 3193 mentem
1171 3118 1354 3191 ssmul
1416 3120 1853 3211 perceperint.
1956 3116 2169 3213 Quod

209 3252 428 3343 igitur
503 3241 588 3313 de
651 3259 1009 3317 commemo
1071 3238 1579 3336 categoriarum
1597 3290 1621 3327 ,
1689 3260 1814 3311 nec
1880 3258 2019 3309 non
2082 3236 2169 3311 de

209 3372 519 3443 illarum
599 3363 949 3436 inanitate
981 3410 1008 3449 ‚
1093 3358 1308 3451 deque
1374 3358 1811 3453 receptaculis
1886 3356 2122 3431 vacuis
2138 3406 2167 3443 ,

209 3504 441 3560 amca
507 3504 720 3580 quam
779 3481 1227 3579 experientia.
1267 3478 1433 3574 quid
1490 3478 1566 3551 in
1634 3498 1721 3553 ea
1784 3472 2168 3573 Infudert't,

206 3606 566 3693 effudisti,
652 3602 858 3677 crassa
941 3598 1106 3674 illud
1183 3599 1542 3697 pinguique
1624 3600 1931 3673 Minerva
1994 3622 2033 3675 a
2104 3618 2171 3671 te

201 3726 458 3802 fictum
480 3776 508 3815 ,
571 3745 894 3819 certoque
935 3722 1119 3797 fimul
1165 3738 1555 3819 argumento
1602 3740 1745 3811 est,
1815 3740 1880 3795 te
1930 3740 2015 3791 ne
2062 3714 2171 3791 vel

1149 3842 1212 3918 C
1263 3864 1307 3939 3
2038 3834 2172 3925 pri·
