2719 4895
682 357 802 432 248
862 352 931 419 Ρ.
960 352 1085 419 lv.
1104 352 1286 421 CAR.
1304 352 1389 419 11.
1420 352 1538 419 DE
1565 352 1844 419 FONT.
1875 350 2198 419 DOCTR.
2215 346 2437 417 LECT.

690 539 887 611 tionis
912 558 1088 611 certa
1106 540 1273 610 ratio
1292 539 1396 610 his
1411 532 1830 630 *potisfimum
1849 537 2148 632 Legibus
2163 536 2478 627 continean-
2568 517 2571 612 ξ

676 674 689 683 ·
760 655 841 727 ·.1.
878 656 1213 750 Principio
1239 710 1263 741 ,
1286 659 1468 749 quod
1491 658 1625 750 jam
1652 660 1721 727 in
1751 656 2270 731 antecedentibus
2287 652 2477 725 monui-

444 760 451 766 ’
564 834 569 839 ,
687 796 870 862 muS,
888 770 1211 863 Auctoris
1218 776 1397 847 cons
1403 778 1796 862 hum‚v1tae
1817 780 2137 847 rationem
2161 772 2481 865 ,ingenium

673 893 1277 983 consuetudinem,
1328 896 1589 987 penitus
1633 893 2088 987 exploremus.
2137 889 2230 966 Ea
2261 887 2486 981 cognitio

686 1015 899 1085 omnis
920 1014 1263 1085 accuratae
1300 1000 1878 1107 in'terpretationis
1895 1014 2248 1083 uberrimus
2265 1006 2382 1083 fons
2397 1023 2482 1073 est.

784 1128 1198 1226 11-Itaque,
1252 1154 1404 1203 cum
1449 1136 1666 1203 omnis
1699 1132 2022 1225 Scriptor
2065 1128 2314 1221 intelligi
2347 1122 2489 1202 velit,

665 1250 771 1326 'ins
784 1252 1153 1323 universum
1184 1250 1600 1323 statuendum
1633 1272 1772 1338 est,
1797 1273 1966 1323 eum
2005 1268 2260 1344 operam
2279 1240 2487 1320 dedisse,

685 1390 761 1441 ut
794 1370 967 1455 clare
1014 1371 1323 1443 scriberet
1347 1420 1372 1457 ,
1417 1366 1488 1442 δι
1525 1368 1656 1441 suis
1697 1372 1929 1442 verbis
1963 1372 2208 1463 ubique
2235 1360 2488 1441 confinem

678 1489 1029 1581 subjiceret
1064 1485 1395 1563 horiones.
1442 1487 1712 1582 Quare,
1763 1490 1823 1561 fi.
1854 1493 1929 1561 in
1965 1488 2296 1563 obscurum
2319 1477 2487 1555 diffici-

674 1604 941 1698 lemque
974 1603 1203 1674 locum
1236 1602 1630 1687 incidimus,
1671 1604 2042 1675 videndum
2077 1624 2216 1687 est,
2240 1600 2480 1694 primum,

679 1718 849 1819 'quae
872 1723 1233 1817 scriptoris
1252 1742 1462 1795 aetate
1489 1722 1682 1817 hujus
1717 1726 1813 1795 rei
1855 1724 2292 1813 dictionisque
2313 1713 2487 1786 obscu-

680 1863 791 1913 rae
823 1842 1024 1914 fuerit
1073 1829 1289 1913 sehsus
1316 1837 1386 1913 &
1419 1842 1610 1915 ratio.
1677 1840 1995 1929 Deinde,
2043 1842 2134 1939 ad
2163 1858 2310 1934 quos
2331 1830 2479 1904 homi·

682 1982 799 2031 nes
840 1959 1220 2053 scripserit3
1268 1981 1418 2031 nam
1461 1959 1807 2053 probabile
1838 1982 1988 2046 est,
2043 1984 2192 2035 eum
2225 1958 2368 2029 suam
2389 1966 2478 2025 ora·

679 2081 935 2151 tionem·
964 2078 1047 2149 ad
1074 2100 1305 2151 eorum
1326 2081 1584 2173 ingenia
1602 2082 2172 2153 accommodasse.
2221 2075 2476 2162 Denique,

682 2216 765 2269 an
803 2195 909 2272 vel
944 2197 1082 2291 ipse
1120 2198 1394 2290 alicujus
1431 2198 1639 2269 sectae
1681 2196 1918 2286 fuerit,
1977 2220 2148 2295 quae
2177 2196 2378 2275 verbo,
2411 2182 2472 2255 π’

682 2319 825 2402 rei,
860 2318 942 2389 de
968 2339 1101 2412 qua
1130 2320 1388 2413 agitur,
1436 2316 1833 2411 peculiarem
1874 2318 2245 2414 adjunxerit·
2275 2308 2475 2385 sensumg

650 2435 829 2522 ⁸vel,
854 2459 935 2507 an
964 2459 1051 2509 co
1090 2416 1297 2509 verbo
1332 2457 1548 2508 tamen
1573 2458 1719 2514 eam
1746 2436 1993 2522 sectam
2023 2455 2276 2534 tangere
2291 2447 2374 2506 aut
2393 2421 2467 2513 fig·

664 2555 949 2628 ¹nificare
992 2556 1301 2644 voluerit.
1535 2571 1538 2576 ’

778 2674 901 2746 ΠΙ.
954 2675 1245 2746 Eaedem
1270 2697 1351 2746 ex
1381 2675 1677 2748 Historia
1715 2681 1960 2770 petitae
1995 2652 2470 2754 cautiones‚⁰1²‘¹

556 2779 583 2870 ’,
676 2791 927 2888 lingula
960 2793 1209 2875 verba,
1262 2782 1347 2863 fic
1390 2795 1472 2862 ad
1517 2798 1802 2900 integras
1843 2785 2342 2869 Enunciationes
2371 2795 2468 2850 ext·

680 2909 1058 2992 minandas,
1114 2909 1521 2998 adhibendae
1573 2912 1740 2983 sunt.
1794 2912 1955 3000 ,Sed
1995 2905 2473 3006 pmetereainau·

674 3031 908 3114 xilium
942 3024 1280 3102 vocandae
1336 3032 1555 3126 Leges
1607 3009 1947 3126 Logicae,
1997 3019 2155 3105 curii
2197 3015 2470 3100 universae,

674 3171 817 3225 tum
861 3150 1237 3243 praesertim
1276 3170 1395 3219 eae
1441 3151 1523 3221 de
1555 3149 2197 3221 Enunciatiouibus:
2227 3149 2472 3216 accumoe·

676 3291 808 3362 que
863 3275 1053 3341 notio
1104 3269 1406 3362 Subjecti
1453 3292 1573 3361 per
1625 3273 1976 3360 notionem·
2013 3261 2380 3342 praedicati,
2425 3263 2469 3314 ²²

674 3387 1037 3460 praedicati
1078 3392 1268 3460 notio
1322 3411 1444 3481 per
1489 3390 1832 3471 notionem
1875 3387 2208 3484 Subjecti,
2251 3365 2464 3450 determi-

666 3507 877 3580 nanda
920 3506 1425 3601 definiendaque
1473 3528 1598 3579 est.

667 3667 671 3674 ·
774 3625 895 3699 lv.
953 3627 1510 3698 Anteccdentiu'm
1557 3645 1626 3696 et
1658 3579 2192 3720 consequentium
2221 3602 2466 3690 cauneislo

663 3743 1013 3836 diligenter
1038 3745 1509 3838 perspicienda,
1531 3739 1602 3816 δι
1637 3767 1788 3818 cum
1827 3747 2157 3836 utriusque
2177 3722 2460 3809 dubiasess·

662 3865 909 3964 tentia,
960 3864 1005 3935 fi
1040 3863 1309 3960 quidem
1342 3863 1702 3937 commode
1745 3863 1881 3935 fieri
1907 3859 2150 3957 posiit,
2189 3844 2465 3929 concihffl·

662 3981 749 4070 da
784 4001 907 4070 est,
993 4033 1003 4040 -
1062 4031 1067 4038 -
2293 4049 2308 4064 .

2319 4077 2408 4166 JV·
