2719 4895
1248 376 1313 535 1ε
1411 366 1652 483 22>

504 596 779 686 ’ouistit
844 592 1153 675 Tandem
1221 604 1625 685 magnorum
1702 576 1898 651 affert
1977 554 2452 667 quorumdum

506 730 836 809 *virorum
906 718 1217 815 exempla
1246 768 1271 804 ,
1357 710 1618 806 quibus
1703 720 1930 776 voces
1997 693 2364 791 exciderint
2385 727 2452 781 ·,

508 848 699 951 ‘quas
752 854 828 924 in
866 848 1022 923 aliis
1082 855 1506 918 notaverant.
1731 830 1742 847 “
1929 837 1936 847 ·
2021 836 2030 843 ·

510 1229 520 1240 ⁸
635 1122 750 1199 E.-
832 1119 947 1198 An
1010 1076 1402 1217 twigitur,
1473 1097 1766 1204 Megille
1804 1152 1831 1190 ,
1905 1116 1974 1175 et
2044 1105 2526 1193 postremum-

538 1242 769 1325 hocce
821 1242 1192 1317 ridiequm
1243 1234 1532 1314 censes?
1905 1258 1910 1264 ·

651 1492 886 1564 Mac.
986 1478 1122 1555 Per'
1160 1500 1416 1572 quarn,
1453 1472 1648 1560 sane,
1701 1468 1842 1543 hac
1887 1468 1964 1541 in
2013 1458 2256 1561 caufd,
2304 1464 2495 1536 ridi-s

554 1610 834 1690 culum⁸
910 1604 1027 1679 Illi
1085 1606 1271 1675 enim
1316 1654 1341 1690 ,
1417 1618 1600 1691 quos
1660 1572 1961 1690 appellat
1995 1644 2022 1681 ,
2094 1590 2415 1664 Muretus
2459 1634 2494 1679 ,

518 1714 984 1818 Ernestius,
1036 1723 1552 1812 Ruhnkenius,
1623 1724 1670 1795 fi
1741 1744 1876 1818 qua
1938 1718 2236 1790 seniores
2293 1737 2502 1808 repu-

567 1864 815 1939 diarint
866 1850 1126 1931 verba»,
1173 1851 1361 1935 qua‘e
1371 1848 1702 1926 iuniores
1745 1818 2122 1930 ahqu'ando
2171 1840 2504 1908 adhibue-

570 2001 763 2069 rant,
833 1990 1139 2046 errorem
1198 1961 1333 2063 ipfi'
1395 1964 1585 2037 suum
1670 1959 1962 2035 confesfi
2034 1959 2182 2032 sunt
2221 2013 2246 2048 ,
2310 1960 2506 2031 nulla

574 2108 672 2181 usi
756 2098 1203 2175 circuitione.
1318 2078 1508 2165 Hoc
1566 2108 1732 2158 vero
1823 2102 2255 2177 nequaquam
2333 2082 2506 2156 fecit

580 2218 1213 2326 Wyttenbacbius,
1280 2215 1440 2302 etii,
1513 2234 1704 2319 teste
1727 2206 2086 2336 Mahm‘O,
2143 2210 2398 2281 erroris
2448 2203 2514 2300 fi

581 2344 1005 2450 meminisset
1052 2348 1157 2418 vir
1208 2344 1478 2428 bonuS,
1535 2337 1667 2434 q'uo‘
1697 2308 2006 2409 scilicet
2017 2351 2123 2407 est
2168 2331 2516 2415 candore!

584 2477 839 2556 lubens
876 2471 1181 2548 fecisset.
1232 2465 1561 2551 Deinde,
1606 2485 1798 2552 esto,
1849 2450 2272 2556 praeclaroS,
2319 2479 2514 2548 quos

590 2609 735 2682 dixi
763 2655 788 2694 ,
860 2605 1075 2676 Viros
1137 2589 1488 2689 quaedam
1532 2587 1713 2659 forte
1785 2586 2092 2686 juniores
2167 2573 2518 2674 usurpasse

592 2724 994 2810 vocabula,
1062 2737 1238 2812 quae
1287 2710 1610 2808 provecti
1673 2732 1889 2783 aetate
1921 2763 1944 2799 ‚
2016 2709 2226 2782 veluti
2286 2703 2518 2778 minus

556 2825 861 2948 proba,
917 2841 1366 2914 damnarentz·
1393 2856 1462 2906 at
1515 2855 1594 2906 ea
1635 2855 1823 2907 certe
1851 2837 2159 2930 juniore&
2189 2805 2336 2904 aliis
2367 2823 2518 2902 non

604 2969 976 3066 imperiose
1032 2961 1619 3061 praescripserant.
1724 2957 2307 3054 Wyttenbachius
2351 2977 2516 3025 vero

562 3103 787 3172 ‘nunc
848 3093 1215 3168 barbarum
1272 3087 1416 3158 esse
1473 3084 1718 3157 clamat
1757 3136 1780 3172 ,
1852 3083 2055 3178 quod
2078 3081 2313 3154 ·“ῐάεπι
2331 3079 2514 3151 -olim

614 3245 685 3297 et
726 3221 873 3318 ipse
912 3213 1364 3298 adhibuerat,
1417 3231 1488 3280 et
1540 3209 1904 3278 dictatori&
1959 3209 2406 3280 auctoritate
2397 3217 2526 3297 op

575 3349 834 3422 “timae
917 3339 1048 3439 esse
1122 3326 1562 3410 Latinitatis
1624 3324 2008 3403 sanciverat.
2147 3327 2354 3401 Porro
2389 3376 2415 3414 ,
2485 3325 2526 3396 fi

571 3465 899 3567 quando
944 3465 1154 3539 iidem
1193 3451 1313 3536 illi
1340 3459 1494 3538 Viri
1520 3510 1544 3546 ,
1603 3473 1894 3550 propter
1930 3455 2126 3526 usum
2164 3454 2360 3526 vocis
2413 3453 2528 3523 mi·

578 3617 753 3698 nus
807 3595 1137 3682 Latinae,
1202 3587 1380 3660 alios
1453 3579 2057 3676 reprehenderint,
2135 3575 2416 3650 modice
2473 3571 2531 3652 id

630 3713 1077 3808 modesteque
1136 3711 1516 3797 fecerunt,
1597 3706 1684 3780 ad
1743 3703 2138 3797 exemplum
2195 3703 2542 3782 humanis-
2650 3691 2651 3772 j

1789 3845 1794 3850 ’
2469 3822 2546 3899 sr-
