2719 4895
805 339 1186 447 (13)

46 539 428 628 mimium,
475 555 666 614 verae
705 541 1070 615 modestiae
1104 564 1181 616 ac
1217 541 1611 634 reliquarum
1649 549 1961 622 virtutum

43 663 420 772 exemplum
439 713 462 750 ,
534 683 886 756 propterea
955 663 1138 755 quod
1193 663 1525 736 doctrinae
1582 665 1729 738 suae
1778 671 1965 743 novt·

41 800 259 855 tatem
280 835 304 870 ‚
354 783 616 854 summo
661 787 1084 876 maximoque
1113 785 1256 880 jure
1275 836 1298 872 ‚
1349 783 1561 858 fuerat
1594 779 1967 880 professuS‚

41 903 318 997 puerilis
367 901 686 978 insimulas
735 907 1120 999 jactantiae,
1183 927 1432 998 eosque
1456 957 1477 989 ‚
1546 911 1659 998 qui
1714 907 1967 984 Kantil

36 1045 398 1117 praecepta
465 1025 745 1117 probant
775 1074 800 1111 ‚
881 1023 1055 1096 velut
1108 1035 1364 1120 agyrtas
1424 1025 1723 1097 medicos
1796 1027 1965 1122 (¹⁸¹),

34 1146 106 1213 in
189 1143 670 1216 conventiculis
694 1196 717 1232 ,
799 1142 1058 1216 circulis
1093 1196 1118 1231 ‚
1199 1138 1460 1216 stabulis
1492 1197 1516 1233 ‚
1601 1151 1919 1239 cauponis
1954 1217 1981 1258 ‚

38 1261 550 1356 thermopoliis,
599 1266 855 1335 miranti
907 1285 1102 1358 atque
1145 1266 1461 1360 imperito
1492 1265 1741 1362 vulgo,
1790 1269 1977 1343 suum

41 1383 452 1477 lippitudinis
515 1383 868 1475 collyrium
929 1403 1326 1458 ostentantes
1380 1407 1475 1488 ,et
1527 1387 1973 1480 venditanteS‚
2078 1373 2083 1379 ⁵

38 1503 360 1576 malitiose
412 1501 745 1590 deridere,
795 1504 1132 1598 faunisque
1200 1524 1270 1578 et
1321 1509 1656 1580 cachinnis
1712 1511 1985 1602 imperi·

39 1647 262 1700 torum
313 1627 564 1700 tradere
615 1630 1116 1723 haudquaquam
1151 1633 1535 1706 erubescis:
1589 1653 1729 1706 tum
1781 1639 1979 1706 etiam

45 1753 324 1822 maxime
357 1800 383 1837 ,
449 1753 601 1842 quia
676 1751 796 1822 tibi
826 1802 849 1838 ‚
935 1771 1009 1824 ut
1074 1753 1276 1848 jactas
1303 1804 1327 1841 ‚
1403 1773 1538 1824 tam
1596 1753 1779 1827 felici
1842 1754 1983 1827 esse
2082 1771 2107 1782 ⁴·

51 1872 324 1966 contigit
345 1921 370 1954 ,
421 1889 492 1941 ut
545 1887 800 1961 patrem
855 1870 1056 1956 fueris
1107 1893 1335 1944 nactus
1356 1923 1378 1960 ,
1432 1876 1545 1965 qui
1603 1893 1675 1944 te
1704 1887 1984 1968 puerum

63 1993 131 2056 τὸ
171 1985 244 2060 ιδ
277 1997 388 2088 ζῇν
407 2044 430 2078 ,
502 1992 638 2063 hoc
688 2012 792 2064 est
837 1992 996 2065 bene
1043 1994 1270 2068 vivere
1289 2046 1312 2079 ‚
1386 1992 1704 2067 docuerit.
1808 1992 1985 2067 Illud

71 2110 246 2178 enim
299 2111 458 2182 bene
507 2113 729 2186 vivere
754 2162 779 2199 ‚
867 2134 939 2185 ut
999 2130 1156 2184 cum
1235 2113 1459 2185 Tullio
1524 2114 1739 2204 dicam
1812 2113 1984 2208 (†),

60 2225 252 2298 nihil
316 2247 420 2304 est
500 2231 723 2319 aluid,
809 2230 946 2326 nIsi
1018 2229 1284 2305 honeste
1347 2249 1417 2303 et
1486 2250 1671 2304 recte
1741 2233 1987 2306 vivere.

53 2345 216 2445 Quo
281 2354 482 2449 igitur
548 2355 661 2424 nifi
727 2355 794 2424 in
863 2355 1096 2446 primis
1149 2373 1218 2424 et
1285 2351 1447 2423 illud
1503 2351 1855 2439 referatur,
1923 2373 1995 2428 ut

45 2494 182 2563 quo
238 2477 582 2567 quisquam
603 2524 630 2561 ,
699 2474 995 2547 doctrina
1041 2477 1332 2568 itemque
1395 2476 1639 2569 ingenii
1676 2472 1941 2547 dotibus
1962 2522 1988 2560 ,

43 2618 365 2690 praestare
413 2597 557 2670 aliis
605 2580 896 2669 videatur
927 2647 951 2682 ‚
1015 2618 1104 2668 eo
1155 2617 1428 2688 quoque
1482 2595 1549 2665 se
1602 2584 1786 2691 gerat
1835 2612 1988 2665 mo-

45 2716 286 2793 destius
317 2772 340 2809 ,
408 2718 722 2813 equidem
789 2720 1089 2815 ignorare
1143 2736 1256 2789 me
1323 2718 1580 2803 fateor,
1656 2712 1818 2807 quid
1888 2732 1977 2785 eo

55 2838 314 2910 tandem
394 2840 724 2932 pertinere
806 2836 1202 2909 censendum
1289 2838 1387 2910 fit.
1504 2834 1976 2933 Quapropter3

27 2960 150 3026 -mi
203 2954 728 3055 PVyttenbachi!
787 2960 970 3049 quod
1015 2979 1180 3052 pace
1233 2960 1339 3030 tua
1394 2956 1709 3029 dikerim!
1777 2958 1981 3028 vehe-

43 3092 310 3155 menter
363 3080 665 3171 equidem
720 3076 954 3149 dubito
982 3128 1006 3163 ‚
1079 3074 1282 3150 Patris
1333 3078 1481 3163 tui,
1546 3098 1585 3149 a
1628 3098 1767 3167 quo
1818 3078 1977 3149 bene

723 3194 750 3215 χ
1886 3200 1991 3271 vl·

35 3384 1987 3425 m

115 3528 234 3609 (Ρ)
292 3532 464 3591 Bene
515 3532 742 3591 feciffet
779 3524 1248 3605 thenbaechius
1267 3570 1289 3601 ‚
1349 3525 1391 3587 fi
1432 3526 1639 3585 borum
1674 3521 1975 3585 hominum

29 3632 186 3691 male
241 3634 514 3693 sanorum
569 3635 798 3693 nomina
854 3632 1234 3707 produxisset.
1314 3632 1409 3691 De
1468 3629 1555 3687 his
1596 3630 1782 3693 enim,
1833 3640 1981 3696 quae

25 3748 258 3807 narrat,
300 3736 592 3812 equidem,
617 3736 756 3793 nihil
797 3748 1042 3809 unquam
1081 3730 1300 3795 audivi.
1357 3730 1471 3790 Sed
1512 3730 1661 3789 forte
1700 3742 1757 3786 et
1796 3726 1975 3796 haec,

27 3852 92 3894 ur
130 3838 248 3893 alia
291 3840 514 3907 multa,
551 3840 716 3897 verbi
751 3834 959 3911 causet,
998 3835 1188 3897 finxit·

95 3934 216 4014 (D
265 3937 478 3999 Pand.
517 3955 571 3999 c.
615 3954 672 4010 3.
