2719 4895
1419 417 1794 522 (96)

574 581 579 586 ὑ
656 644 729 702 et
768 621 1007 718 quibus
1056 613 1311 716 placeat
1356 617 1682 694 incedere.
1777 617 2060 696 Puerum
2091 623 2380 718 quippe,
2417 646 2550 718 per.

530 811 535 816 .
644 747 865 822 sonam
914 739 1235 816 Herculis
1278 759 1347 814 et
1387 740 1752 816 cothurnos
1797 744 1916 816 fibi
1941 762 2167 840 aptare
2199 744 2510 820 volentem
2523 796 2545 835 ,

646 873 797 964 quis
817 888 981 942 'non
1026 864 1282 938 rideat?

748 1117 977 1214 Itaque
998 1165 1023 1202 ‚
1070 1115 1121 1188 ὁ
1150 1113 1368 1209 bonel
1405 1113 1615 1208 probe
1663 1113 1948 1190 attendas
1995 1119 2290 1191 animum
2334 1119 2412 1190 ad
2449 1141 2536 1206 ea,

638 1223 809 1340 quae
857 1243 977 1318 tibi
1024 1261 1243 1326 nuno,
1288 1259 1488 1331 quam
1527 1247 1767 1334 potero
1785 1291 1810 1330 ,
1873 1240 2050 1316 clare
2099 1264 2180 1315 ac
2230 1244 2532 1338 perspicue

642 1369 943 1442 conabor
1004 1383 1404 1460 proponere.
1518 1362 1612 1438 Et
1677 1369 1961 1460 primum
2024 1367 2302 1462 quidem
2363 1370 2492 1442 scias
2511 1415 2532 1451 ,

643 1491 980 1592 Karm‘um
1002 1539 1027 1574 ‚
1078 1489 1395 1562 humanae
1443 1492 1841 1588 cognitionis·
1873 1489 2049 1588 fines
2103 1491 2538 1590 defignamrum
2653 1467 2655 1534 3

649 1617 715 1690 se
776 1614 1139 1710 professum
1158 1662 1183 1701 ‚
1247 1615 1658 1706 neqmquam
1721 1614 2116 1690 intellexisse
2133 1671 2161 1708 ‚
2222 1640 2425 1712 neque
2461 1619 2538 1690 in·

645 1741 940 1838 telligere
1016 1739 1342 1833 potuisse,
1425 1759 1597 1830 quos
1661 1737 1864 1812 hodie
1925 1740 2137 1842 vulgo
2205 1743 2536 1837 appellant,

638 1866 811 1965 fines
851 1863 1219 1960 abjectivos.
1287 1861 1430 1935 -De
1479 1864 1582 1936 his
1627 1864 1806 1937 enim
1832 1911 1857 1950 ,
1905 1883 1978 1938 ut
2025 1868 2188 1940 alibi
2231 1869 2358 1964 jam
2395 1867 2534 1953 dixi,

646 1991 827 2065 nulla
871 1987 1007 2063 esse
1052 2007 1275 2081 potest
1318 2006 1430 2059 aut
1477 1990 1832 2082 cogitatio,
1863 2009 1976 2062 aut
2011 1994 2345 2083 quaestio,
2389 1988 2539 2064 fimul

650 2138 730 2190 ac
806 2099 1218 2210 perspectum
1296 2110 1838 2205 exploratumque
1913 2113 1988 2186 fit
2017 2165 2047 2204 ‚
2135 2117 2538 2214 cognitionem

654 2260 941 2316 nostram
959 2289 984 2328 ,
1068 2235 1253 2332 quod
1344 2235 1562 2329 posuit
1655 2235 2001 2326 Kantius,
2085 2259 2158 2314 et
2239 2238 2410 2333 quod
2483 2255 2536 2308 tu
2653 2331 2655 2338 Ι

653 2363 911 2438 Kann'o
958 2363 1270 2437 concedIs
1290 2407 1313 2444 ‚
1361 2381 1497 2432 non
1541 2359 1654 2430 nili
1681 2355 2140 2453 subjectivum
2186 2365 2321 2438 esse
2349 2340 2536 2457 posle,

654 2488 1243 2583 intelligentiaeque
1308 2486 1636 2557 humanae.
1689 2486 2076 2577 imperviam
2124 2493 2388 2571 omnino
2427 2484 2535 2559 esse
2651 2504 2653 2513 ·

655 2615 1028 2698 scientiam,
1102 2605 1264 2703 quid
1312 2606 1572 2678 tandem
1624 2606 1934 2697 qualesve
1983 2634 2090 2687 res
2136 2615 2295 2703 lint,
2337 2635 2374 2685 a
2417 2628 2536 2681 nos·

664 2758 768 2809 tro
804 2719 1234 2827 ¹percipiendi
1283 2728 1489 2801 modo
1537 2734 1908 2823 nostrisque
1957 2734 2282 2830 sejunctae
2327 2739 2539 2809 iumen.
2647 2814 2649 2825 Ι

660 2860 729 2932 di
774 2858 1025 2930 formis.
1121 2856 1261 2949 lpla
1324 2848 1678 2948 appellatio
1736 2853 1986 2951 finium
2036 2882 2104 2933 te
2157 2862 2288 2933 hoc
2335 2858 2537 2931 docere

614 3024 623 3031 ·
662 3004 902 3083 potest.
1003 2982 1179 3079 Quis
1244 2984 1422 3053 enirn
1485 2980 1665 3052 sanae
1713 2986 1948 3055 mentis
1993 2988 2096 3059 vir
2131 2984 2307 3087 fines
2349 2986 2408 3097 se
2449 2982 2537 3053 de·
2645 2996 2647 3005 ·

664 3108 1049 3207 lignaturam
1117 3105 1493 3200 profiteatur
1551 3128 1764 3179 rerum
1786 3154 1810 3194 ,
1892 3106 1976 3178 ad
2041 3133 2201 3204 quas
2265 3113 2535 3183 humanae
2643 3166 2645 3173 .

664 3234 1127 3332 intelligentiae
1176 3232 1396 3305 nullus
1424 3250 1640 3334 pateat
1670 3231 1931 3304 aditus?
1979 3232 2069 3306 Et
2103 3236 2243 3309 sunt
2272 3229 2534 3327 profecto

654 3358 877 3459 fines-²,
924 3359 1005 3431 de
1046 3358 1289 3452 quibus
1334 3359 1620 3453 agimuS‚
1670 3356 1761 3429 nil
1793 3356 1967 3439 aliud
1994 3380 2192 3451 quam
2228 3357 2392 3470 ipsa}
2417 3370 2536 3425 con·

665 3486 947 3571 ditiones:
963 3535 989 3571 ,
1030 3506 1073 3554 a
1115 3484 1357 3575 quibus
1403 3503 1620 3558 nostra
1667 3481 1910 3575 pendet
1957 3486 2294 3580 cognitio,
2334 3475 2534 3571 quibus
2639 3530 2641 3539 .

668 3628 749 3679 ea
818 3628 1143 3701 tamquam
1193 3605 1622 3687 fimdamentis
1667 3607 1993 3697 innititur,
2057 3628 2125 3683 et
2169 3598 2533 3694 fine—,quibus
2637 3680 2639 3695 Ι

672 3727 851 3805 nulla
907 3732 975 3803 in
1038 3733 1269 3805 animis
1312 3735 1552 3806 nostris
1600 3734 1899 3831 cognitio
1945 3750 2058 3809 aut
2101 3730 2401 3815 existere,
2443 3730 2531 3789 aut

2457 3838 2535 3917 ul·
