<?xml version="1.0" encoding="UTF-8"?>
<!DOCTYPE html PUBLIC "-//W3C//DTD XHTML 1.0 Transitional//EN"
    "http://www.w3.org/TR/xhtml1/DTD/xhtml1-transitional.dtd">
<html xmlns="http://www.w3.org/1999/xhtml" xml:lang="en" lang="en">
 <head>
  <title>
</title>
<meta http-equiv="Content-Type" content="text/html;charset=utf-8" />
  <meta name='ocr-system' content='tesseract 3.04.00' />
  <meta name='ocr-capabilities' content='ocr_page ocr_carea ocr_par ocr_line ocrx_word'/>
</head>
<body>
  <div class='ocr_page' id='page_1' title='image "./triasepistolaru00hemegoog_0790.png"; bbox 0 0 2719 4895; ppageno 0'>
   <div class='ocr_carea' id='block_1_1' title="bbox 722 320 2408 467">
    <p class='ocr_par' dir='ltr' id='par_1_1' title="bbox 722 320 2408 467">
     <span class='ocr_line' id='line_1_1' title="bbox 722 320 2408 467; baseline 0.003 -14"><span class='ocrx_word' id='word_1_1' title='bbox 722 380 851 467; x_wconf 62' lang='lat'>§¹30</span> <span class='ocrx_word' id='word_1_2' title='bbox 889 383 964 453; x_wconf 87' lang='lat' dir='ltr'>P.</span> <span class='ocrx_word' id='word_1_3' title='bbox 984 380 1103 450; x_wconf 88' lang='lat' dir='ltr'>IV.</span> <span class='ocrx_word' id='word_1_4' title='bbox 1135 378 1312 452; x_wconf 57' lang='lat' dir='ltr'>Cin-1¹.</span> <span class='ocrx_word' id='word_1_5' title='bbox 1332 382 1424 451; x_wconf 83' lang='grc' dir='ltr'>Π.</span> <span class='ocrx_word' id='word_1_6' title='bbox 1445 382 1568 453; x_wconf 92' lang='lat' dir='ltr'>DE</span> <span class='ocrx_word' id='word_1_7' title='bbox 1587 320 1862 453; x_wconf 58' lang='lat' dir='ltr'><strong>FCJNT.</strong></span> <span class='ocrx_word' id='word_1_8' title='bbox 1893 384 2210 457; x_wconf 86' lang='lat' dir='ltr'>DOCTR.</span> <span class='ocrx_word' id='word_1_9' title='bbox 2227 376 2408 457; x_wconf 77' lang='lat' dir='ltr'><strong>MED.</strong></span> 
     </span>
    </p>
   </div>
   <div class='ocr_carea' id='block_1_2' title="bbox 712 570 2500 1505">
    <p class='ocr_par' dir='ltr' id='par_1_2' title="bbox 712 570 2500 1505">
     <span class='ocr_line' id='line_1_2' title="bbox 719 570 2486 669; baseline 0.001 -24"><span class='ocrx_word' id='word_1_10' title='bbox 719 573 853 646; x_wconf 79' lang='lat' dir='ltr'>tius</span> <span class='ocrx_word' id='word_1_11' title='bbox 894 592 997 644; x_wconf 80' lang='lat' dir='ltr'>est</span> <span class='ocrx_word' id='word_1_12' title='bbox 1040 571 1380 644; x_wconf 86' lang='lat' dir='ltr'>doctrinae</span> <span class='ocrx_word' id='word_1_13' title='bbox 1431 570 1619 659; x_wconf 80' lang='lat' dir='ltr'>fons,</span> <span class='ocrx_word' id='word_1_14' title='bbox 1649 576 1853 668; x_wconf 82' lang='lat' dir='ltr'>quiin</span> <span class='ocrx_word' id='word_1_15' title='bbox 1879 575 2074 647; x_wconf 88' lang='lat' dir='ltr'>nobis</span> <span class='ocrx_word' id='word_1_16' title='bbox 2107 577 2486 669; x_wconf 76' lang='lat' dir='ltr'>ipfisnovamm</span> 
     </span>
     <span class='ocr_line' id='line_1_3' title="bbox 712 694 2486 791; baseline -0.001 -24"><span class='ocrx_word' id='word_1_17' title='bbox 712 714 929 767; x_wconf 79' lang='lat' dir='ltr'>rerum</span> <span class='ocrx_word' id='word_1_18' title='bbox 967 694 1428 791; x_wconf 85' lang='lat' dir='ltr'>cognitionem</span> <span class='ocrx_word' id='word_1_19' title='bbox 1469 697 1837 787; x_wconf 79' lang='lat' dir='ltr'>expromit,</span> <span class='ocrx_word' id='word_1_20' title='bbox 1905 699 2360 791; x_wconf 77' lang='lat' dir='ltr'>contineturque</span> <span class='ocrx_word' id='word_1_21' title='bbox 2383 694 2486 768; x_wconf 77' lang='lat' dir='ltr'>Me·</span> 
     </span>
     <span class='ocr_line' id='line_1_4' title="bbox 720 810 2490 909; baseline -0.003 -20"><span class='ocrx_word' id='word_1_22' title='bbox 720 810 1077 889; x_wconf 70' lang='lat' dir='ltr'>ditatione.</span> <span class='ocrx_word' id='word_1_23' title='bbox 1151 812 1260 885; x_wconf 85' lang='lat' dir='ltr'>Ac</span> <span class='ocrx_word' id='word_1_24' title='bbox 1292 812 1339 883; x_wconf 85' lang='lat' dir='ltr'>fi</span> <span class='ocrx_word' id='word_1_25' title='bbox 1367 815 1436 884; x_wconf 86' lang='lat' dir='ltr'>in</span> <span class='ocrx_word' id='word_1_26' title='bbox 1478 810 1918 906; x_wconf 82' lang='lat' dir='ltr'>Experiundo</span> <span class='ocrx_word' id='word_1_27' title='bbox 1959 814 2357 909; x_wconf 81' lang='lat' dir='ltr'>Legendoque</span> <span class='ocrx_word' id='word_1_28' title='bbox 2367 833 2490 885; x_wconf 85' lang='lat' dir='ltr'>recte</span> 
     </span>
     <span class='ocr_line' id='line_1_5' title="bbox 716 914 2495 1027; baseline -0.003 -22"><span class='ocrx_word' id='word_1_29' title='bbox 716 914 947 1018; x_wconf 66' lang='lat' dir='ltr'>verlini</span> <span class='ocrx_word' id='word_1_30' title='bbox 992 932 1354 1022; x_wconf 83' lang='lat' dir='ltr'><strong>fuerimus,</strong></span> <span class='ocrx_word' id='word_1_31' title='bbox 1389 932 1530 1027; x_wconf 85' lang='lat' dir='ltr'>ipsa</span> <span class='ocrx_word' id='word_1_32' title='bbox 1565 932 1942 1006; x_wconf 86' lang='lat' dir='ltr'>Meditandi</span> <span class='ocrx_word' id='word_1_33' title='bbox 1976 932 2230 1008; x_wconf 78' lang='lat' dir='ltr'>facultas</span> <span class='ocrx_word' id='word_1_34' title='bbox 2267 936 2495 1024; x_wconf 84' lang='lat' dir='ltr'>actioque</span> 
     </span>
     <span class='ocr_line' id='line_1_6' title="bbox 714 1028 2493 1149; baseline -0.004 -24"><span class='ocrx_word' id='word_1_35' title='bbox 714 1050 893 1125; x_wconf 82' lang='lat' dir='ltr'>haud</span> <span class='ocrx_word' id='word_1_36' title='bbox 922 1050 1213 1125; x_wconf 83' lang='lat' dir='ltr'>difficilis</span> <span class='ocrx_word' id='word_1_37' title='bbox 1238 1058 1384 1127; x_wconf 83' lang='lat' dir='ltr'>erit.</span> <span class='ocrx_word' id='word_1_38' title='bbox 1437 1052 1618 1127; x_wconf 84' lang='lat' dir='ltr'>Cum</span> <span class='ocrx_word' id='word_1_39' title='bbox 1633 1057 1808 1125; x_wconf 80' lang='lat' dir='ltr'>enim</span> <span class='ocrx_word' id='word_1_40' title='bbox 1843 1028 1992 1141; x_wconf 62' lang='lat' dir='ltr'>teS,</span> <span class='ocrx_word' id='word_1_41' title='bbox 2021 1076 2175 1149; x_wconf 86' lang='lat' dir='ltr'>quas</span> <span class='ocrx_word' id='word_1_42' title='bbox 2202 1058 2259 1129; x_wconf 82' lang='lat' dir='ltr'>in</span> <span class='ocrx_word' id='word_1_43' title='bbox 2285 1070 2493 1123; x_wconf 77' lang='lat' dir='ltr'>mentem</span> 
     </span>
     <span class='ocr_line' id='line_1_7' title="bbox 712 1169 2500 1271; baseline -0.005 -25"><span class='ocrx_word' id='word_1_44' title='bbox 712 1172 1203 1271; x_wconf 67' lang='lat' dir='ltr'>congessimus,</span> <span class='ocrx_word' id='word_1_45' title='bbox 1251 1196 1386 1247; x_wconf 83' lang='lat' dir='ltr'>non</span> <span class='ocrx_word' id='word_1_46' title='bbox 1417 1172 1730 1247; x_wconf 86' lang='lat' dir='ltr'>confusae</span> <span class='ocrx_word' id='word_1_47' title='bbox 1777 1174 2006 1268; x_wconf 79' lang='lat' dir='ltr'>jacent</span> <span class='ocrx_word' id='word_1_48' title='bbox 2027 1225 2050 1260; x_wconf 90' lang='lat'><strong>‚</strong></span> <span class='ocrx_word' id='word_1_49' title='bbox 2105 1172 2204 1246; x_wconf 87' lang='lat' dir='ltr'>sed</span> <span class='ocrx_word' id='word_1_50' title='bbox 2225 1169 2500 1245; x_wconf 80' lang='lat' dir='ltr'>suisformis</span> 
     </span>
     <span class='ocr_line' id='line_1_8' title="bbox 714 1293 2496 1391; baseline -0.002 -26"><span class='ocrx_word' id='word_1_51' title='bbox 714 1308 785 1365; x_wconf 92' lang='lat' dir='ltr'>et</span> <span class='ocrx_word' id='word_1_52' title='bbox 815 1294 1164 1391; x_wconf 82' lang='lat' dir='ltr'>generibus</span> <span class='ocrx_word' id='word_1_53' title='bbox 1194 1312 1351 1388; x_wconf 82' lang='lat' dir='ltr'>apte</span> <span class='ocrx_word' id='word_1_54' title='bbox 1383 1293 1746 1387; x_wconf 83' lang='lat' dir='ltr'>descriptae</span> <span class='ocrx_word' id='word_1_55' title='bbox 1764 1346 1787 1379; x_wconf 89' lang='lat'><strong>‚</strong></span> <span class='ocrx_word' id='word_1_56' title='bbox 1818 1312 1890 1365; x_wconf 90' lang='lat' dir='ltr'>et</span> <span class='ocrx_word' id='word_1_57' title='bbox 1915 1294 2000 1365; x_wconf 87' lang='lat' dir='ltr'>ad</span> <span class='ocrx_word' id='word_1_58' title='bbox 2022 1294 2496 1367; x_wconf 77' lang='lat' dir='ltr'>veritatisaormam</span> 
     </span>
     <span class='ocr_line' id='line_1_9' title="bbox 717 1406 2498 1505; baseline -0.003 -21"><span class='ocrx_word' id='word_1_59' title='bbox 717 1426 984 1485; x_wconf 84' lang='lat' dir='ltr'>exactae</span> <span class='ocrx_word' id='word_1_60' title='bbox 1017 1415 1199 1499; x_wconf 84' lang='lat' dir='ltr'>sunt,</span> <span class='ocrx_word' id='word_1_61' title='bbox 1223 1434 1363 1485; x_wconf 85' lang='lat' dir='ltr'>tum</span> <span class='ocrx_word' id='word_1_62' title='bbox 1383 1433 1546 1483; x_wconf 84' lang='lat' dir='ltr'>vero</span> <span class='ocrx_word' id='word_1_63' title='bbox 1569 1462 1592 1499; x_wconf 91' lang='lat'><strong><em>‚</em></strong></span> <span class='ocrx_word' id='word_1_64' title='bbox 1634 1414 1682 1484; x_wconf 87' lang='lat' dir='ltr'>fi</span> <span class='ocrx_word' id='word_1_65' title='bbox 1715 1412 1878 1505; x_wconf 80' lang='lat' dir='ltr'>quid</span> <span class='ocrx_word' id='word_1_66' title='bbox 1913 1416 2078 1485; x_wconf 86' lang='lat' dir='ltr'>novi</span> <span class='ocrx_word' id='word_1_67' title='bbox 2103 1406 2498 1505; x_wconf 69' lang='lat' dir='ltr'>excogitandum</span> 
     </span>
    </p>
   </div>
   <div class='ocr_carea' id='block_1_3' title="bbox 712 1525 2496 1741">
    <p class='ocr_par' dir='ltr' id='par_1_3' title="bbox 712 1525 2496 1741">
     <span class='ocr_line' id='line_1_10' title="bbox 712 1525 2494 1624; baseline -0.006 -21"><span class='ocrx_word' id='word_1_68' title='bbox 712 1534 879 1620; x_wconf 81' lang='lat' dir='ltr'>erit,</span> <span class='ocrx_word' id='word_1_69' title='bbox 931 1534 1065 1603; x_wconf 89' lang='lat' dir='ltr'>hoc</span> <span class='ocrx_word' id='word_1_70' title='bbox 1108 1554 1249 1602; x_wconf 78' lang='lat' dir='ltr'>non</span> <span class='ocrx_word' id='word_1_71' title='bbox 1298 1532 1414 1603; x_wconf 89' lang='lat' dir='ltr'>diu</span> <span class='ocrx_word' id='word_1_72' title='bbox 1461 1552 1868 1621; x_wconf 87' lang='lat' dir='ltr'><strong>quaeretur,</strong></span> <span class='ocrx_word' id='word_1_73' title='bbox 1941 1532 2054 1605; x_wconf 86' lang='lat' dir='ltr'>sed</span> <span class='ocrx_word' id='word_1_74' title='bbox 2089 1534 2298 1624; x_wconf 83' lang='lat' dir='ltr'>sponte</span> <span class='ocrx_word' id='word_1_75' title='bbox 2327 1525 2494 1599; x_wconf 71' lang='lat' dir='ltr'>serein</span> 
     </span>
     <span class='ocr_line' id='line_1_11' title="bbox 712 1642 2496 1741; baseline -0.006 -20"><span class='ocrx_word' id='word_1_76' title='bbox 712 1666 1001 1721; x_wconf 87' lang='lat' dir='ltr'>mentem</span> <span class='ocrx_word' id='word_1_77' title='bbox 1038 1648 1279 1725; x_wconf 86' lang='lat' dir='ltr'>veniet.</span> <span class='ocrx_word' id='word_1_78' title='bbox 1332 1642 1582 1738; x_wconf 86' lang='lat' dir='ltr'>Neque</span> <span class='ocrx_word' id='word_1_79' title='bbox 1619 1664 1838 1716; x_wconf 85' lang='lat' dir='ltr'>tamen</span> <span class='ocrx_word' id='word_1_80' title='bbox 1873 1664 2227 1741; x_wconf 84' lang='lat' dir='ltr'>propterea</span> <span class='ocrx_word' id='word_1_81' title='bbox 2243 1646 2496 1735; x_wconf 66' lang='lat' dir='ltr'>artisptoe·</span> 
     </span>
    </p>
   </div>
   <div class='ocr_carea' id='block_1_4' title="bbox 705 1763 2502 2458">
    <p class='ocr_par' dir='ltr' id='par_1_4' title="bbox 705 1763 2502 2458">
     <span class='ocr_line' id='line_1_12' title="bbox 716 1763 2502 1865; baseline -0.007 -24"><span class='ocrx_word' id='word_1_82' title='bbox 716 1788 914 1863; x_wconf 84' lang='lat' dir='ltr'>cepta</span> <span class='ocrx_word' id='word_1_83' title='bbox 940 1765 1339 1865; x_wconf 79' lang='lat' dir='ltr'>negligenda</span> <span class='ocrx_word' id='word_1_84' title='bbox 1375 1766 1546 1837; x_wconf 89' lang='lat' dir='ltr'>sunt.</span> <span class='ocrx_word' id='word_1_85' title='bbox 1597 1763 1776 1835; x_wconf 86' lang='lat' dir='ltr'>Nam</span> <span class='ocrx_word' id='word_1_86' title='bbox 1817 1765 1963 1840; x_wconf 84' lang='lat' dir='ltr'>dici</span> <span class='ocrx_word' id='word_1_87' title='bbox 1983 1772 2098 1839; x_wconf 82' lang='lat' dir='ltr'>vix</span> <span class='ocrx_word' id='word_1_88' title='bbox 2117 1776 2502 1860; x_wconf 73' lang='lat' dir='ltr'>potest‚quaa·</span> 
     </span>
     <span class='ocr_line' id='line_1_13' title="bbox 720 1877 2498 1979; baseline -0.007 -20"><span class='ocrx_word' id='word_1_89' title='bbox 720 1904 862 1959; x_wconf 87' lang='lat' dir='ltr'>tum</span> <span class='ocrx_word' id='word_1_90' title='bbox 880 1888 1203 1960; x_wconf 84' lang='lat' dir='ltr'>momenti</span> <span class='ocrx_word' id='word_1_91' title='bbox 1227 1884 1476 1957; x_wconf 80' lang='lat' dir='ltr'>adferat</span> <span class='ocrx_word' id='word_1_92' title='bbox 1489 1883 2085 1975; x_wconf 81' lang='lat' dir='ltr'>adinveniendum,</span> <span class='ocrx_word' id='word_1_93' title='bbox 2105 1888 2148 1958; x_wconf 87' lang='lat' dir='ltr'><strong>fi</strong></span> <span class='ocrx_word' id='word_1_94' title='bbox 2171 1877 2498 1979; x_wconf 70' lang='lat' dir='ltr'>excogitando</span> 
     </span>
     <span class='ocr_line' id='line_1_14' title="bbox 713 1995 2496 2103; baseline -0.006 -25"><span class='ocrx_word' id='word_1_95' title='bbox 713 2003 918 2090; x_wconf 82' lang='lat' dir='ltr'>Mens</span> <span class='ocrx_word' id='word_1_96' title='bbox 954 2027 1092 2078; x_wconf 89' lang='lat' dir='ltr'>non</span> <span class='ocrx_word' id='word_1_97' title='bbox 1118 2012 1364 2077; x_wconf 83' lang='lat' dir='ltr'>temere</span> <span class='ocrx_word' id='word_1_98' title='bbox 1399 2006 1529 2077; x_wconf 84' lang='lat' dir='ltr'>huc</span> <span class='ocrx_word' id='word_1_99' title='bbox 1551 2024 1618 2075; x_wconf 88' lang='lat' dir='ltr'>et</span> <span class='ocrx_word' id='word_1_100' title='bbox 1642 2004 1804 2076; x_wconf 86' lang='lat' dir='ltr'>illuc</span> <span class='ocrx_word' id='word_1_101' title='bbox 1830 2026 2132 2103; x_wconf 70' lang='lat' dir='ltr'>vagetur,</span> <span class='ocrx_word' id='word_1_102' title='bbox 2158 2006 2256 2078; x_wconf 86' lang='lat' dir='ltr'>sed</span> <span class='ocrx_word' id='word_1_103' title='bbox 2275 2008 2404 2075; x_wconf 83' lang='lat' dir='ltr'>viam</span> <span class='ocrx_word' id='word_1_104' title='bbox 2423 1995 2496 2067; x_wconf 81' lang='lat' dir='ltr'>fibi</span> 
     </span>
     <span class='ocr_line' id='line_1_15' title="bbox 715 2124 2492 2219; baseline -0.008 -19"><span class='ocrx_word' id='word_1_105' title='bbox 715 2146 961 2201; x_wconf 84' lang='lat' dir='ltr'>certam</span> <span class='ocrx_word' id='word_1_106' title='bbox 984 2126 1340 2215; x_wconf 83' lang='lat' dir='ltr'>describat,</span> <span class='ocrx_word' id='word_1_107' title='bbox 1371 2146 1566 2219; x_wconf 86' lang='lat' dir='ltr'>quam</span> <span class='ocrx_word' id='word_1_108' title='bbox 1583 2128 1804 2217; x_wconf 86' lang='lat' dir='ltr'>presse</span> <span class='ocrx_word' id='word_1_109' title='bbox 1824 2146 2254 2219; x_wconf 83' lang='lat' dir='ltr'>accurateque</span> <span class='ocrx_word' id='word_1_110' title='bbox 2270 2124 2492 2214; x_wconf 81' lang='lat' dir='ltr'>sequatur.</span> 
     </span>
     <span class='ocr_line' id='line_1_16' title="bbox 714 2243 2491 2341; baseline -0.008 -20"><span class='ocrx_word' id='word_1_111' title='bbox 714 2243 934 2341; x_wconf 70' lang='lat' dir='ltr'>Cuius</span> <span class='ocrx_word' id='word_1_112' title='bbox 966 2245 1235 2340; x_wconf 86' lang='lat' dir='ltr'>quidem</span> <span class='ocrx_word' id='word_1_113' title='bbox 1280 2247 1428 2317; x_wconf 89' lang='lat' dir='ltr'>viae</span> <span class='ocrx_word' id='word_1_114' title='bbox 1455 2245 1618 2316; x_wconf 86' lang='lat' dir='ltr'>haec</span> <span class='ocrx_word' id='word_1_115' title='bbox 1657 2247 1727 2315; x_wconf 85' lang='lat' dir='ltr'>in</span> <span class='ocrx_word' id='word_1_116' title='bbox 1751 2248 1994 2338; x_wconf 86' lang='lat' dir='ltr'>primis</span> <span class='ocrx_word' id='word_1_117' title='bbox 2031 2248 2174 2319; x_wconf 86' lang='lat' dir='ltr'>sunt</span> <span class='ocrx_word' id='word_1_118' title='bbox 2214 2252 2491 2337; x_wconf 72' lang='lat' dir='ltr'>praecepta:</span> 
     </span>
     <span class='ocr_line' id='line_1_17' title="bbox 705 2352 2489 2458; baseline -0.004 -20"><span class='ocrx_word' id='word_1_119' title='bbox 705 2390 710 2396; x_wconf 94' lang='lat'>·</span> <span class='ocrx_word' id='word_1_120' title='bbox 786 2363 864 2458; x_wconf 66' lang='lat' dir='ltr'>j.</span> <span class='ocrx_word' id='word_1_121' title='bbox 913 2364 1093 2456; x_wconf 79' lang='lat' dir='ltr'>Cum</span> <span class='ocrx_word' id='word_1_122' title='bbox 1130 2352 1327 2437; x_wconf 82' lang='lat' dir='ltr'>omne</span> <span class='ocrx_word' id='word_1_123' title='bbox 1358 2364 1610 2438; x_wconf 88' lang='lat' dir='ltr'>Verum</span> <span class='ocrx_word' id='word_1_124' title='bbox 1637 2366 2114 2452; x_wconf 79' lang='lat' dir='ltr'>enunciatione</span> <span class='ocrx_word' id='word_1_125' title='bbox 2149 2364 2489 2437; x_wconf 56' lang='lat' dir='ltr'>continentum</span> 
     </span>
    </p>
   </div>
   <div class='ocr_carea' id='block_1_5' title="bbox 566 2453 2482 2580">
    <p class='ocr_par' dir='ltr' id='par_1_5' title="bbox 566 2453 2482 2580">
     <span class='ocr_line' id='line_1_18' title="bbox 566 2453 2482 2580; baseline -0.008 -18"><span class='ocrx_word' id='word_1_126' title='bbox 566 2453 591 2483; x_wconf 51' lang='lat'>&#39;</span> <span class='ocrx_word' id='word_1_127' title='bbox 709 2468 1107 2560; x_wconf 60' lang='lat' dir='ltr'>meditando</span> <span class='ocrx_word' id='word_1_128' title='bbox 1133 2486 1225 2557; x_wconf 88' lang='lat' dir='ltr'>nil</span> <span class='ocrx_word' id='word_1_129' title='bbox 1256 2483 1436 2558; x_wconf 85' lang='lat' dir='ltr'>aliud</span> <span class='ocrx_word' id='word_1_130' title='bbox 1471 2487 1763 2580; x_wconf 78' lang='lat' dir='ltr'>agimus:</span> <span class='ocrx_word' id='word_1_131' title='bbox 1816 2485 1932 2556; x_wconf 86' lang='lat' dir='ltr'>nifi</span> <span class='ocrx_word' id='word_1_132' title='bbox 1981 2505 2059 2556; x_wconf 86' lang='lat' dir='ltr'>ut</span> <span class='ocrx_word' id='word_1_133' title='bbox 2098 2471 2482 2577; x_wconf 65' lang='lat' dir='ltr'>subjectihlicu·</span> 
     </span>
    </p>
   </div>
   <div class='ocr_carea' id='block_1_6' title="bbox 676 2597 2493 4013">
    <p class='ocr_par' dir='ltr' id='par_1_6' title="bbox 676 2597 2493 4013">
     <span class='ocr_line' id='line_1_19' title="bbox 705 2597 2484 2702; baseline -0.013 -24"><span class='ocrx_word' id='word_1_134' title='bbox 705 2607 817 2702; x_wconf 81' lang='lat' dir='ltr'>jus</span> <span class='ocrx_word' id='word_1_135' title='bbox 857 2599 1305 2700; x_wconf 75' lang='lat' dir='ltr'>praedicatum</span> <span class='ocrx_word' id='word_1_136' title='bbox 1324 2655 1349 2691; x_wconf 90' lang='lat'><strong>,</strong></span> <span class='ocrx_word' id='word_1_137' title='bbox 1401 2603 1508 2674; x_wconf 88' lang='lat' dir='ltr'>vel</span> <span class='ocrx_word' id='word_1_138' title='bbox 1541 2602 1896 2696; x_wconf 84' lang='lat' dir='ltr'>praedicati</span> <span class='ocrx_word' id='word_1_139' title='bbox 1917 2641 1924 2650; x_wconf 94' lang='lat'><strong>·</strong></span> <span class='ocrx_word' id='word_1_140' title='bbox 1948 2605 2304 2700; x_wconf 84' lang='lat' dir='ltr'>subjectum</span> <span class='ocrx_word' id='word_1_141' title='bbox 2324 2647 2343 2683; x_wconf 90' lang='lat'>‚</span> <span class='ocrx_word' id='word_1_142' title='bbox 2370 2597 2484 2662; x_wconf 72' lang='lat' dir='ltr'>inve·</span> 
     </span>
     <span class='ocr_line' id='line_1_20' title="bbox 676 2703 2484 2810; baseline -0.007 -12"><span class='ocrx_word' id='word_1_143' title='bbox 676 2771 679 2774; x_wconf 87' lang='lat'><strong>·</strong></span> <span class='ocrx_word' id='word_1_144' title='bbox 710 2717 987 2798; x_wconf 71' lang='lat' dir='ltr'>mainus·</span> <span class='ocrx_word' id='word_1_145' title='bbox 1040 2723 1241 2795; x_wconf 88' lang='lat' dir='ltr'>Unde</span> <span class='ocrx_word' id='word_1_146' title='bbox 1268 2741 1458 2792; x_wconf 84' lang='lat' dir='ltr'>antea</span> <span class='ocrx_word' id='word_1_147' title='bbox 1486 2725 1718 2792; x_wconf 85' lang='lat' dir='ltr'>omnia</span> <span class='ocrx_word' id='word_1_148' title='bbox 1737 2765 1764 2810; x_wconf 78' lang='lat'>.,</span> <span class='ocrx_word' id='word_1_149' title='bbox 1789 2724 1836 2795; x_wconf 86' lang='lat' dir='ltr'><strong>fi</strong></span> <span class='ocrx_word' id='word_1_150' title='bbox 1859 2721 2300 2794; x_wconf 70' lang='lat' dir='ltr'>praedicatum</span> <span class='ocrx_word' id='word_1_151' title='bbox 2321 2703 2484 2808; x_wconf 59' lang='lat' dir='ltr'>quest·</span> 
     </span>
     <span class='ocr_line' id='line_1_21' title="bbox 694 2833 2490 2934; baseline -0.008 -19"><span class='ocrx_word' id='word_1_152' title='bbox 694 2833 907 2932; x_wconf 70' lang='lat' dir='ltr'>mm,</span> <span class='ocrx_word' id='word_1_153' title='bbox 958 2841 1261 2932; x_wconf 88' lang='lat' dir='ltr'>Subjecti</span> <span class='ocrx_word' id='word_1_154' title='bbox 1309 2843 1522 2934; x_wconf 78' lang='lat' dir='ltr'>⁴notio</span> <span class='ocrx_word' id='word_1_155' title='bbox 1565 2857 1870 2910; x_wconf 87' lang='lat' dir='ltr'>accurate</span> <span class='ocrx_word' id='word_1_156' title='bbox 1917 2837 2274 2924; x_wconf 82' lang='lat' dir='ltr'>definienda</span> <span class='ocrx_word' id='word_1_157' title='bbox 2319 2847 2420 2902; x_wconf 64' lang='lat' dir='ltr'>esta</span> <span class='ocrx_word' id='word_1_158' title='bbox 2449 2833 2490 2886; x_wconf 87' lang='lat' dir='ltr'>et</span> 
     </span>
     <span class='ocr_line' id='line_1_22' title="bbox 704 2948 2489 3051; baseline -0.011 -16"><span class='ocrx_word' id='word_1_159' title='bbox 704 2981 943 3035; x_wconf 83' lang='lat' dir='ltr'>contra</span> <span class='ocrx_word' id='word_1_160' title='bbox 974 3012 1000 3051; x_wconf 90' lang='lat'>‚</span> <span class='ocrx_word' id='word_1_161' title='bbox 1022 2957 1384 3031; x_wconf 83' lang='lat' dir='ltr'>Praedicati</span> <span class='ocrx_word' id='word_1_162' title='bbox 1413 2951 1602 3032; x_wconf 65' lang='lat' dir='ltr'>notio</span> <span class='ocrx_word' id='word_1_163' title='bbox 1625 3009 1650 3045; x_wconf 82' lang='lat'>‚</span> <span class='ocrx_word' id='word_1_164' title='bbox 1685 2957 1730 3028; x_wconf 83' lang='lat' dir='ltr'><strong>fi</strong></span> <span class='ocrx_word' id='word_1_165' title='bbox 1779 2957 2170 3050; x_wconf 89' lang='lat' dir='ltr'>Subjectum</span> <span class='ocrx_word' id='word_1_166' title='bbox 2203 2948 2489 3048; x_wconf 72' lang='lat' dir='ltr'>quaerimus·</span> 
     </span>
     <span class='ocr_line' id='line_1_23' title="bbox 708 3075 2493 3182; baseline -0.008 -26"><span class='ocrx_word' id='word_1_167' title='bbox 708 3079 934 3170; x_wconf 87' lang='lat' dir='ltr'>Nam,</span> <span class='ocrx_word' id='word_1_168' title='bbox 970 3099 1045 3152; x_wconf 89' lang='lat' dir='ltr'>ut</span> <span class='ocrx_word' id='word_1_169' title='bbox 1082 3099 1168 3151; x_wconf 85' lang='lat' dir='ltr'>ex</span> <span class='ocrx_word' id='word_1_170' title='bbox 1196 3081 1413 3172; x_wconf 87' lang='lat' dir='ltr'>capite</span> <span class='ocrx_word' id='word_1_171' title='bbox 1461 3077 1546 3148; x_wconf 89' lang='lat' dir='ltr'>de</span> <span class='ocrx_word' id='word_1_172' title='bbox 1587 3075 2183 3182; x_wconf 22' lang='lat' dir='ltr'>Enunciahtionibus</span> <span class='ocrx_word' id='word_1_173' title='bbox 2205 3085 2394 3164; x_wconf 79' lang='lat' dir='ltr'>nomm</span> <span class='ocrx_word' id='word_1_174' title='bbox 2417 3075 2493 3127; x_wconf 66' lang='lat'>⁶³¹·</span> 
     </span>
     <span class='ocr_line' id='line_1_24' title="bbox 712 3189 2493 3297; baseline -0.012 -23"><span class='ocrx_word' id='word_1_175' title='bbox 712 3203 1016 3297; x_wconf 87' lang='lat' dir='ltr'>Subjecti</span> <span class='ocrx_word' id='word_1_176' title='bbox 1035 3199 1526 3290; x_wconf 71' lang='lat' dir='ltr'>praedicatique</span> <span class='ocrx_word' id='word_1_177' title='bbox 1549 3215 1624 3266; x_wconf 87' lang='lat' dir='ltr'>ea</span> <span class='ocrx_word' id='word_1_178' title='bbox 1651 3215 1750 3266; x_wconf 90' lang='lat' dir='ltr'>est</span> <span class='ocrx_word' id='word_1_179' title='bbox 1767 3197 1936 3267; x_wconf 86' lang='lat' dir='ltr'>ratio</span> <span class='ocrx_word' id='word_1_180' title='bbox 1955 3246 1980 3282; x_wconf 88' lang='lat'>,</span> <span class='ocrx_word' id='word_1_181' title='bbox 2035 3217 2112 3268; x_wconf 91' lang='lat' dir='ltr'>ut</span> <span class='ocrx_word' id='word_1_182' title='bbox 2145 3193 2376 3264; x_wconf 78' lang='lat' dir='ltr'>alterum</span> <span class='ocrx_word' id='word_1_183' title='bbox 2393 3189 2493 3249; x_wconf 72' lang='lat' dir='ltr'>cum</span> 
     </span>
     <span class='ocr_line' id='line_1_25' title="bbox 708 3303 2488 3409; baseline -0.019 -9"><span class='ocrx_word' id='word_1_184' title='bbox 708 3325 919 3400; x_wconf 80' lang='lat' dir='ltr'>altem</span> <span class='ocrx_word' id='word_1_185' title='bbox 954 3341 1327 3392; x_wconf 85' lang='lat' dir='ltr'>connexum</span> <span class='ocrx_word' id='word_1_186' title='bbox 1356 3317 1432 3388; x_wconf 84' lang='lat' dir='ltr'>{it</span> <span class='ocrx_word' id='word_1_187' title='bbox 1457 3366 1480 3404; x_wconf 89' lang='lat'><strong><em>,</em></strong></span> <span class='ocrx_word' id='word_1_188' title='bbox 1509 3318 1832 3409; x_wconf 84' lang='lat' dir='ltr'>ab&#39;eoque</span> <span class='ocrx_word' id='word_1_189' title='bbox 1851 3317 2136 3388; x_wconf 83' lang='lat' dir='ltr'>vicisfim</span> <span class='ocrx_word' id='word_1_190' title='bbox 2157 3303 2488 3387; x_wconf 57' lang='lat' dir='ltr'>confiscatur·</span> 
     </span>
     <span class='ocr_line' id='line_1_26' title="bbox 694 3431 2490 3530; baseline -0.011 -12"><span class='ocrx_word' id='word_1_191' title='bbox 694 3459 702 3467; x_wconf 86' lang='lat'><strong><em>‘</em></strong></span> <span class='ocrx_word' id='word_1_192' title='bbox 813 3443 906 3516; x_wconf 88' lang='grc' dir='ltr'>ΙΙ.</span> <span class='ocrx_word' id='word_1_193' title='bbox 960 3437 1413 3524; x_wconf 76' lang='lat' dir='ltr'>Deinde-‚five</span> <span class='ocrx_word' id='word_1_194' title='bbox 1447 3436 1811 3530; x_wconf 79' lang='lat' dir='ltr'>subjectum</span> <span class='ocrx_word' id='word_1_195' title='bbox 1839 3434 1972 3509; x_wconf 75' lang='lat' dir='ltr'>five</span> <span class='ocrx_word' id='word_1_196' title='bbox 2008 3431 2490 3530; x_wconf 71' lang='lat' dir='ltr'>praedicatumw</span> 
     </span>
     <span class='ocr_line' id='line_1_27' title="bbox 706 3533 2480 3658; baseline -0.012 -21"><span class='ocrx_word' id='word_1_197' title='bbox 706 3567 813 3637; x_wconf 89' lang='lat' dir='ltr'>bis</span> <span class='ocrx_word' id='word_1_198' title='bbox 838 3545 1268 3658; x_wconf 78' lang='lat' dir='ltr'>fitcognitum</span> <span class='ocrx_word' id='word_1_199' title='bbox 1296 3609 1319 3644; x_wconf 90' lang='lat'>‚</span> <span class='ocrx_word' id='word_1_200' title='bbox 1367 3539 1851 3649; x_wconf 73' lang='lat' dir='ltr'>quaerendum&#39;,</span> <span class='ocrx_word' id='word_1_201' title='bbox 1901 3550 2118 3628; x_wconf 74' lang='lat' dir='ltr'>utrum</span> <span class='ocrx_word' id='word_1_202' title='bbox 2142 3549 2338 3624; x_wconf 82' lang='lat' dir='ltr'>id-veri</span> <span class='ocrx_word' id='word_1_203' title='bbox 2353 3533 2480 3634; x_wconf 61' lang='lat' dir='ltr'>qffl&#39;ffv</span> 
     </span>
     <span class='ocr_line' id='line_1_28' title="bbox 710 3663 2490 3774; baseline -0.015 -17"><span class='ocrx_word' id='word_1_204' title='bbox 710 3707 791 3756; x_wconf 88' lang='lat' dir='ltr'>an</span> <span class='ocrx_word' id='word_1_205' title='bbox 828 3703 1070 3756; x_wconf 83' lang='lat' dir='ltr'>vanum</span> <span class='ocrx_word' id='word_1_206' title='bbox 1107 3677 1449 3774; x_wconf 84' lang='lat' dir='ltr'>opinionis</span> <span class='ocrx_word' id='word_1_207' title='bbox 1477 3696 1966 3762; x_wconf 82' lang='lat' dir='ltr'>commentum,</span> <span class='ocrx_word' id='word_1_208' title='bbox 2004 3677 2122 3748; x_wconf 79' lang='lat' dir='ltr'>fit:</span> <span class='ocrx_word' id='word_1_209' title='bbox 2163 3685 2349 3742; x_wconf 86' lang='lat' dir='ltr'>utrum</span> <span class='ocrx_word' id='word_1_210' title='bbox 2372 3663 2418 3728; x_wconf 86' lang='lat' dir='ltr'>in</span> <span class='ocrx_word' id='word_1_211' title='bbox 2446 3663 2490 3715; x_wconf 67' lang='lat' dir='ltr'>re</span> 
     </span>
     <span class='ocr_line' id='line_1_29' title="bbox 708 3781 2491 3898; baseline -0.01 -22"><span class='ocrx_word' id='word_1_212' title='bbox 708 3824 777 3877; x_wconf 91' lang='lat' dir='ltr'>et</span> <span class='ocrx_word' id='word_1_213' title='bbox 826 3822 1087 3886; x_wconf 85' lang='lat' dir='ltr'>natura,</span> <span class='ocrx_word' id='word_1_214' title='bbox 1114 3821 1195 3872; x_wconf 87' lang='lat' dir='ltr'>an</span> <span class='ocrx_word' id='word_1_215' title='bbox 1230 3801 1295 3869; x_wconf 86' lang='lat' dir='ltr'>in</span> <span class='ocrx_word' id='word_1_216' title='bbox 1332 3794 1743 3889; x_wconf 87' lang='lat' dir='ltr'>cogitatione</span> <span class='ocrx_word' id='word_1_217' title='bbox 1781 3791 1960 3879; x_wconf 86' lang='lat' dir='ltr'>sola,</span> <span class='ocrx_word' id='word_1_218' title='bbox 2015 3792 2257 3864; x_wconf 81' lang='lat' dir='ltr'>existat:</span> <span class='ocrx_word' id='word_1_219' title='bbox 2299 3781 2491 3898; x_wconf 57' lang='lat' dir='ltr'>eJusthe</span> 
     </span>
     <span class='ocr_line' id='line_1_30' title="bbox 707 3893 2490 4013; baseline -0.023 -15"><span class='ocrx_word' id='word_1_220' title='bbox 707 3924 893 3999; x_wconf 88' lang='lat' dir='ltr'>ideae</span> <span class='ocrx_word' id='word_1_221' title='bbox 930 3921 1081 3992; x_wconf 88' lang='lat' dir='ltr'>fons</span> <span class='ocrx_word' id='word_1_222' title='bbox 1118 3915 1565 4013; x_wconf 84' lang='lat' dir='ltr'>quaerendus:</span> <span class='ocrx_word' id='word_1_223' title='bbox 1620 3932 1687 3982; x_wconf 89' lang='lat' dir='ltr'>et</span> <span class='ocrx_word' id='word_1_224' title='bbox 1721 3913 1823 3980; x_wconf 86' lang='lat' dir='ltr'>via</span> <span class='ocrx_word' id='word_1_225' title='bbox 1853 3965 1875 3998; x_wconf 84' lang='lat'>‚</span> <span class='ocrx_word' id='word_1_226' title='bbox 1927 3934 2046 4004; x_wconf 86' lang='lat' dir='ltr'>per</span> <span class='ocrx_word' id='word_1_227' title='bbox 2103 3927 2282 4005; x_wconf 86' lang='lat' dir='ltr'>quam</span> <span class='ocrx_word' id='word_1_228' title='bbox 2331 3893 2408 3968; x_wconf 78' lang='lat' dir='ltr'>illa</span> <span class='ocrx_word' id='word_1_229' title='bbox 2443 3899 2490 3952; x_wconf 82' lang='lat' dir='ltr'>m</span> 
     </span>
    </p>
   </div>
   <div class='ocr_carea' id='block_1_7' title="bbox 712 4033 2488 4210">
    <p class='ocr_par' dir='ltr' id='par_1_7' title="bbox 712 4033 2488 4210">
     <span class='ocr_line' id='line_1_31' title="bbox 712 4033 2488 4210; baseline -0.014 -91"><span class='ocrx_word' id='word_1_230' title='bbox 712 4039 1019 4118; x_wconf 81' lang='lat' dir='ltr'>Mentem</span> <span class='ocrx_word' id='word_1_231' title='bbox 1064 4056 1365 4111; x_wconf 80' lang='lat' dir='ltr'>nostram</span> <span class='ocrx_word' id='word_1_232' title='bbox 1394 4035 1616 4115; x_wconf 68' lang='lat' dir='ltr'>venit,</span> <span class='ocrx_word' id='word_1_233' title='bbox 1669 4033 2062 4154; x_wconf 77' lang='lat' dir='ltr'>exploranda</span> <span class='ocrx_word' id='word_1_234' title='bbox 2095 4049 2205 4102; x_wconf 87' lang='lat' dir='ltr'>est.</span> <span class='ocrx_word' id='word_1_235' title='bbox 2265 4131 2344 4210; x_wconf 76' lang='lat' dir='ltr'>m</span> <span class='ocrx_word' id='word_1_236' title='bbox 2399 4121 2488 4192; x_wconf 47' lang='lat' dir='ltr'>lm·</span> 
     </span>
    </p>
   </div>
  </div>
 </body>
</html>
