2719 4895
994 371 1380 494 (⁷3)

204 573 409 646 diisse
427 623 449 658 ,
490 567 779 664 justique
828 569 1107 644 censoris
1154 591 1390 645 munus
1437 563 1850 662 implevisse‚‘
1881 568 2146 668 gloriari

204 698 473 770 audeas.
1605 711 1614 718 ·

317 933 627 1016 Interim,
678 954 806 1026 pro
857 953 1041 1003 more
1092 951 1251 1020 tuo,
1300 927 1518 1025 lepide
1567 931 1796 1026 egisti,
1851 949 2004 1002 cum
2041 950 2148 1002 me

210 1076 311 1126 eo
379 1055 695 1126 damnasti
743 1057 1053 1136 crimine,
1116 1071 1254 1144 quo
1302 1049 1436 1144 ipse
1485 1070 1636 1122 reus
1683 1072 1790 1136 es,
1855 1071 1938 1120 ne
1980 1047 2148 1122 scili-

208 1193 341 1244 cet
386 1173 531 1243 aliis
568 1177 635 1243 in
684 1175 947 1243 crimine
996 1170 1130 1245 esse
1178 1171 1494 1244 viderere.
1561 1173 1670 1244 Tu
1718 1174 1890 1242 enim
1911 1223 1934 1258 ,
1961 1171 2149 1266 cujus

208 1293 303 1366 ad
374 1290 769 1387 Lyndenum
836 1293 1187 1386 epistolam
1255 1295 1794 1378 obtrectationis,
1853 1311 1922 1364 et
1969 1293 2147 1381 odii,

206 1435 281 1488 et
366 1413 863 1486 malevolentiae
948 1413 1207 1505 plenam
1290 1435 1370 1485 ac
1457 1412 1884 1505 plenisfimam
1963 1413 2144 1500 esse,

214 1557 453 1606 ornnes
502 1557 639 1606 uno
688 1533 865 1626 quafi
916 1555 1031 1604 ore
1080 1531 1401 1620 clamant,
1449 1531 1613 1604 haec
1661 1529 1887 1602 eadem
1937 1549 2170 1604 cunc-·

216 1676 289 1728 ta
367 1657 527 1727 mihi
592 1659 749 1727 vitia
810 1655 1269 1750 exprobrasti!
1356 1655 1540 1726 Bella
1605 1655 1918 1748 profecto
1981 1655 2150 1728 esset

216 1779 467 1863 ironia,
513 1777 559 1846 fi
604 1771 1021 1864 jocaremur:
1062 1795 1215 1848 cum
1266 1795 1428 1846 vero
1477 1773 1946 1862 asseveramuS,
1993 1777 2146 1850 vide

222 1917 417 1990 quam
450 1897 601 1970 vilis
636 1896 756 1985 fit,
786 1904 1120 1988 'quamque
1144 1893 1398 1968 odiosa!
1449 1893 1876 1992 Quapropter
1913 1898 2148 1986 etiam,

986 2089 1183 2180 λιγυί·
1228 2113 1356 2182 τίς
1399 2084 1508 2160 ι’ὣν
1547 2089 1918 2180 ὥγοςητιὶς,

244 2273 533 2344 unanimi
579 2280 855 2348 omnium
902 2275 1235 2346 bonorum
1284 2271 1590 2370 suffragio
1637 2273 1977 2344 damnaris.
2056 2273 2150 2346 Et

230 2391 279 2462 fi
346 2391 451 2465 vel
518 2415 592 2465 ea
652 2399 803 2468 vitia
872 2393 1333 2469 commisissem
1417 2395 1629 2489 (quae
1695 2393 1856 2469 falso
1901 2395 2061 2467 mihi
2107 2417 2148 2479 a

222 2530 289 2582 te
326 2514 523 2585 tribui
570 2518 927 2609 unicuique
978 2522 1328 2611 npparet)‚
1373 2517 1576 2613 longe
1615 2536 1830 2588 tamen
1877 2516 2001 2586 alifi
2051 2538 2156 2587 ra·

222 2634 402 2705 tione
466 2656 576 2705 me
638 2638 1159 2728 reprehendere,
1226 2640 1540 2731 bonoque
1608 2640 1770 2709 mihi
1838 2638 2154 2731 exemplo

214 2756 469 2847 praeire
551 2755 898 2831 debuisses,
1002 2743 1154 2853 Qud
1238 2762 1305 2829 in
1391 2782 1464 2831 re
1531 2758 1918 2831 auctoritate
1981 2762 2158 2831 nitor

223 2874 594 2963 Ciceronis,
666 2878 849 2973 qu'us
898 2880 1060 2951 haec
1111 2880 1254 2951 sunt
1305 2881 1501 2951 verba
1547 2878 1711 2977 (*):
1776 2926 1825 2971 ,‚
1875 2884 1992 2975 qui
2035 2880 2150 2951 fibi

230 2990 367 3063 hoc
416 2994 813 3081 sumfit‚·ut
861 3004 1149 3095 corrigat
1198 3020 1420 3072 mores
1465 3000 1787 3091 aliorum,
1855 3024 1938 3075 ac
1985 3022 2148 3093 pec-

235 3130 379 3181 cata
446 3117 903 3207 reprehendat,
976 3124 1123 3211 quis
1186 3122 1345 3193 huic
1413 3122 1748 3216 ignoscat,
1818 3123 1862 3191 fi
1911 3122 2040 3213 quai
2083 3124 2149 3191 in

222 3254 299 3302 re
370 3232 459 3303 ab
513 3236 829 3333 religione
897 3240 1093 3311 officii
1155 3238 1496 3312 declinarit
1525 3242 1561 3312 ἓ
1629 3241 2000 3314 Postulatur
2064 3240 2148 3309 ab

213 3354 571 3442 omnibuS,
618 3376 693 3427 ut
739 3358 825 3430 ab
872 3362 951 3431 iis
996 3360 1057 3431 se
1104 3362 1455 3436 abstineant
1502 3367 1778 3435 maxime
1823 3365 2036 3448 vidiri,
2085 3362 2154 3432 in

208 3477 460 3573 quibus
548 3478 824 3551 alterum
907 3482 1465 3577 reprehenderint.
1601 3484 1842 3557 Omnia
1876 3537 1900 3574 ,
1983 3504 2152 3577 quae

890 3688 905 3701 .
2010 3609 2160 3679 vin-

204 3768 2140 3807 mm

288 3866 415 3949 ζ’)
456 3870 523 3930 ln
562 3874 819 3940 Verrem.
862 3880 937 3944 L.
978 3880 1092 3945 111.
1132 3884 1165 3955 S
1210 3900 1269 3945 α.
1830 3876 1838 3883 ’
