2719 4895
966 455 1351 552 (89)

222 680 421 734 meum
466 653 783 753 judicium
832 651 1309 744 inquifitionem
1354 649 1834 746 praecedisse?
1928 651 2118 729 Haec

218 788 418 869 enim,
480 782 528 854 fi
589 799 779 871 quae·
814 775 979 862 alia,
1040 777 1406 849 criminatio
1467 775 1816 872 ejusmodi,
1849 798 1948 851 est
1967 830 1992 867 ,
2041 801 2120 856 ut

215 885 509 982 omnibus
523 958 549 989 .,
628 905 747 996 qui
830 922 941 972 me
1020 920 1088 972 et
1164 922 1264 974 res
1328 922 1505 974 meas
1565 922 1804 974 norunt
1827 953 1856 990 ,
1919 905 2117 978 risum

212 1051 487 1128 moveat.
582 1027 663 1102 Iu
712 1011 1149 1122 Philosophia
1192 1045 1368 1098 certe
1387 1076 1412 1110 ‚
1461 1044 1704 1102 tantum
1754 1029 1969 1118 abest,
2007 1050 2124 1114 ut,.·

216 1158 389 1252 quod
430 1159 527 1228 aia
562 1150 687 1248 (⁴¹)
707 1155 1055 1244 ‚mansan
1100 1151 1167 1222 id
1210 1170 1308 1224 est
1346 1131 1542 1222 fauce
1591 1153 1842 1242 hiante,
1873 1155 2128 1233 Kantil

218 1281 475 1357 oracula
510 1279 817 1353 hauserim
838 1297 1006 1384 tut,
1044 1297 1300 1358 contra,
1325 1275 1646 1372 primus,
1665 1275 1850 1370 quod
1881 1281 2074 1355 sciam
2093 1337 2120 1376 ‚

208 1409 394 1482 dubia
440 1403 793 1498 quaedam,
824 1398 1121 1474 modeste
1165 1421 1364 1492 atque
1403 1404 1785 1488 dioevv'uoee,
1820 1405 2115 1485 adversus
2159 1477 2166 1484 .
2293 1399 2306 1410 ’

212 1555 278 1606 ea
338 1535 404 1604 in
472 1529 693 1604 lucem
757 1527 1077 1600 emiserim
1143 1525 1291 1618 (ῒ).
1390 1521 1485 1599 Et
1531 1527 1614 1602 de
1653 1553 1810 1606 meo
1851 1535 2119 1629 quidem

216 1655 273 1729 Τ
264 1653 589 1752 heologiae
654 1649 869 1723 studio
928 1667 1063 1719 nou
1128 1669 1301 1740 opus
1344 1669 1446 1758 est
1493 1651 1712 1728 dicere
1731 1707 1756 1742 ‚
1808 1665 2121 1752 quoniam

216 1777 363 1863 illis,
438 1796 609 1868 quae
672 1775 745 1845 in
810 1773 944 1850 alio
1010 1777 1416 1872 φιλομαθιάς
1474 1777 1634 1853 ioco
1694 1779 1824 1875 (§)
1889 1783 1971 1856 de
2017 1807 2126 1858 me

218 1906 275 1974 in
347 1903 649 1975 chartas-
689 1895 1028 1993 conjecisti
1045 1948 1071 1985 ,
1155 1898 1324 1972 hanc
1409 1903 1546 1996 ipse
1611 1907 2128 1984 criminationem

216 2029 341 2102 satis
404 2023 803 2102 confutasti:
887 2043 961 2095 ut
1024 2023 1181 2094 hinc
1246 2027 1446 2121 igitur
1511 2027 1720 2102 rursus
1784 2051 2130 2124 appareat,

216 2175 391 2246 quam
482 2153 713 2250 parum
801 2143 919 2216 tibi
1004 2145 1295 2233 constes,
1357 2167 1424 2221 et
1487 2172 1682 2240 quam
1755 2153 1925 2226 male
1993 2177 2135 2229 rem

218 2299 371 2352 tuam
422 2277 620 2373 agaa',
671 2272 929 2361 semper
973 2289 1388 2363 praepostere
1433 2272 1766 2366 incedens,

300 2482 705 2625 Progredior
790 2539 1011 2593 tecum
1098 2514 1183 2591 ad
1248 2518 1770 2599 distributionem
1831 2524 2137 2605 Philoso·
2293 2590 2300 2601 .

227 2652 499 2746 phorum
541 2649 685 2745 (4).
748 2642 857 2717 Tu
904 2666 1191 2717 veterem
1242 2644 1462 2720 laudas
1515 2646 1719 2722 Sexti
1762 2654 2138 2749 Empiricr‘,

227 2781 283 2849 in
356 2772 800 2872 Dogmaticos
816 2820 839 2856 ‚
920 2752 1269 2869 Negantes
1285 2823 1308 2858 ,
1389 2794 1458 2848 et
1547 2770 1868 2872 Scepticos
1885 2803 1913 2851 .·
2003 2804 2136 2879 ego

232 2905 645 2973 recentiorem
695 2895 929 2987 sequor
950 2946 975 2982 ‚
1020 2898 1087 2966 in
1134 2892 1568 3005 Dggmatieos
1596 2951 1619 2987 ‚
1659 2898 1986 2998 Scepn‘cos
2001 2957 2026 2993 ‚
2064 2930 2134 2981 et

236 3022 529 3099 Criticos.
630 3020 723 3095 Et
769 3018 1019 3113 duplici
1066 3020 1339 3112 quidem
1386 3024 1788 3116 potisfimum
1833 3026 1918 3097 de
1948 3028 2136 3103 caui}

233 3150 383 3225 hanc
457 3148 560 3223 ini
642 3130 1017 3219 divifionen'z
1098 3141 1422 3236 praefero.
1531 3144 1673 3240 Qui
1753 3150 1930 3222 enim
1959 3199 1986 3238 ‚
2064 3172 2140 3224 ut

2054 3272 2228 3347 se-·

241 3454 2148 3515 W*-

306 3573 405 3651 υ)
448 3552 599 3639 uasa.
639 3594 702 3653 p.
748 3593 883 3655 ¹⁴4·

306 3676 418 3756 (†)
456 3681 647 3758 Epist.
683 3682 755 3745 ad
791 3682 1101 3763 Wymnb..
1120 3700 1181 3758 p·
1221 3698 1329 3760 42.

309 3782 799 3877 (5)’φιλομαθ·.
842 3808 906 3869 p.
950 3806 1099 3869 144,
1144 3800 1280 3867 145.
1553 3800 1616 3865 j

313 3898 413 3979 (0)
454 3902 605 3967 lbid·
640 3924 703 3982 r·
744 3922 841 3982 33·

1164 4011 1225 4087 F
1273 4032 1318 4107 s
